@online{1Introduction,
  title = {1 {{Introduction}}},
  url = {https://ar5iv.labs.arxiv.org/html/0705.1448},
  urldate = {2025-01-03},
  langid = {english},
  organization = {ar5iv}
}

@inproceedings{abdelfattahAddressingIrregularPatterns2022,
  title = {Addressing Irregular Patterns of Matrix Computations on {{GPUs}} and Their Impact on Applications Powered by Sparse Direct Solvers},
  booktitle = {{{SC22}}: {{International Conference}} for {{High Performance Computing}}, {{Networking}}, {{Storage}} and {{Analysis}}},
  author = {Abdelfattah, Ahmad and Ghysels, Pieter and Boukaram, Wajih and Tomov, Stanimire and Li, Xiaoye Sherry and Dongarra, Jack},
  date = {2022-11},
  pages = {1--14},
  publisher = {IEEE},
  location = {Dallas, TX, USA},
  doi = {10.1109/SC41404.2022.00031},
  url = {https://ieeexplore.ieee.org/document/10046092/},
  urldate = {2024-09-06},
  eventtitle = {{{SC22}}: {{International Conference}} for {{High Performance Computing}}, {{Networking}}, {{Storage}} and {{Analysis}}},
  isbn = {978-1-6654-5444-5},
  langid = {english},
  file = {E:\Application\Organizer\Zotero\Data1\storage\9DKE994E\2022_-_addressing_irregular_patterns_of_matrix_computations_on_gpus_and_their_impact_on_applications_powere_-_Abdelfattah,_Ghysels,_Boukaram_et_al.pdf}
}

@incollection{abdelfattahBatchQRFactorization2022,
  title = {Batch {{QR}} Factorization on {{GPUs}}: {{Design}}, Optimization, and Tuning},
  shorttitle = {Batch {{QR Factorization}} on {{GPUs}}},
  booktitle = {Computational {{Science}} -- {{ICCS}} 2022},
  author = {Abdelfattah, Ahmad and Tomov, Stan and Dongarra, Jack},
  editor = {Groen, Derek and De Mulatier, Cl\'elia and Paszynski, Maciej and Krzhizhanovskaya, Valeria V. and Dongarra, Jack J. and Sloot, Peter M. A.},
  date = {2022},
  volume = {13350},
  pages = {60--74},
  publisher = {Springer International Publishing},
  location = {Cham},
  doi = {10.1007/978-3-031-08751-6_5},
  url = {https://link.springer.com/10.1007/978-3-031-08751-6_5},
  urldate = {2024-09-06},
  isbn = {978-3-031-08750-9 978-3-031-08751-6},
  langid = {english},
  file = {E:\Application\Organizer\Zotero\Data1\storage\6M8H3BGN\2022_-_batch_qr_factorization_on_gpus_design,_optimization,_and_tuning_-_Abdelfattah,_Tomov,_Dongarra_et_al.pdf}
}

@article{abdulhalimExactMatrixMethod1999,
  title = {Exact 2 \texttimes{} 2 Matrix Method for the Transmission and Reflection at the Interface between Two Arbitrarily Oriented Biaxial Crystals},
  author = {Abdulhalim, I},
  date = {1999-11-01},
  journaltitle = {Journal of Optics A: Pure and Applied Optics},
  shortjournal = {J. Opt. A: Pure Appl. Opt.},
  volume = {1},
  number = {6},
  pages = {655--661},
  issn = {1464-4258, 1741-3567},
  doi = {10.1088/1464-4258/1/6/301},
  url = {https://iopscience.iop.org/article/10.1088/1464-4258/1/6/301},
  urldate = {2024-07-29},
  langid = {english},
  file = {E:\Application\Organizer\Zotero\Data1\storage\ZMT2JWJS\1999_-_exact_2_×_2_matrix_method_for_the_transmission_and_reflection_at_the_interface_between_two_arbitrari_-_j._opt._a_pure_appl._opt._-_Abdulhalim_et_al.pdf}
}

@article{abediImprovementOpticalWave2024,
  title = {Improvement of Optical Wave Propagation Simulations: {{The}} Scaled Angular Spectrum Method for Far-Field and Focal Analysis},
  shorttitle = {Improvement of Optical Wave Propagation Simulations},
  author = {Abedi, M. and Saghafifar, H. and Rahimi, L.},
  date = {2024-06-15},
  journaltitle = {Optics Continuum},
  shortjournal = {Opt. Continuum},
  volume = {3},
  number = {6},
  pages = {935},
  issn = {2770-0208},
  doi = {10.1364/OPTCON.521440},
  url = {https://opg.optica.org/abstract.cfm?URI=optcon-3-6-935},
  urldate = {2024-12-12},
  langid = {english},
  file = {E:\Application\Organizer\Zotero\Data1\storage\CDLLK3L8\2024_-_improvement_of_optical_wave_propagation_simulations_the_scaled_angular_spectrum_method_for_far-fiel_-_opt._continuum_-_Abedi,_Saghafifar,_Rahimi_et_al.pdf}
}

@software{AddonItem,
  title = {Addon {{Item}}}
}

@article{agocsAdaptiveSpectralMethod2024,
  title = {An Adaptive Spectral Method for Oscillatory Second-Order Linear {{ODEs}} with Frequency-Independent Cost},
  author = {Agocs, Fruzsina J. and Barnett, Alex H.},
  date = {2024-02-29},
  journaltitle = {SIAM Journal on Numerical Analysis},
  shortjournal = {SIAM J. Numer. Anal.},
  volume = {62},
  number = {1},
  pages = {295--321},
  publisher = {{Society for Industrial and Applied Mathematics}},
  issn = {0036-1429},
  doi = {10.1137/23M1546609},
  url = {https://epubs.siam.org/doi/10.1137/23M1546609},
  urldate = {2024-10-28},
  file = {E:\Application\Organizer\Zotero\Data1\storage\8VYVIG8W\2024_-_an_adaptive_spectral_method_for_oscillatory_second-order_linear_odes_with_frequency-independent_cost_-_siam_j._numer._anal._-_Agocs,_Barnett_et_al.pdf}
}

@article{alonsoGeometricPhaseMade2022,
  title = {The Geometric Phase Made Simple},
  author = {Alonso, Miguel A. and Dennis, Mark R.},
  date = {2022},
  journaltitle = {Photoniques},
  shortjournal = {Photoniques},
  number = {116},
  pages = {58--63},
  issn = {1629-4475, 2269-8418},
  doi = {10.1051/photon/202211658},
  url = {https://www.photoniques.com/10.1051/photon/202211658},
  urldate = {2024-09-10},
  langid = {english},
  file = {E:\Application\Organizer\Zotero\Data1\storage\5DLJG7W7\2022_-_the_geometric_phase_made_simple_-_photoniques_-_Alonso,_Dennis_et_al.pdf}
}

@inproceedings{alonsoGeometricPhasesOptics2018a,
  title = {Geometric Phases in Optics},
  booktitle = {Latin {{America Optics}} and {{Photonics Conference}}},
  author = {Alonso, Miguel A.},
  date = {2018},
  pages = {W2B.1},
  publisher = {OSA},
  location = {Lima},
  doi = {10.1364/LAOP.2018.W2B.1},
  url = {https://opg.optica.org/abstract.cfm?URI=LAOP-2018-W2B.1},
  urldate = {2024-09-10},
  eventtitle = {Latin {{America Optics}} and {{Photonics Conference}}},
  isbn = {978-1-943580-49-1},
  langid = {english}
}

@online{andrewAnswerWhat3D2015,
  title = {Answer to "What Is the {{3D}} Fourier Transform of a Spherical Shell?"},
  shorttitle = {Answer to "{{What}} Is the {{3D}} Fourier Transform of a Spherical Shell?},
  author = {Andrew},
  date = {2015-05-27},
  url = {https://math.stackexchange.com/a/1301605},
  urldate = {2024-10-13},
  organization = {Mathematics Stack Exchange}
}

@article{arteagaSterngerlachExperimentLight2019,
  title = {Stern-Gerlach Experiment with Light: {{Separating}} Photons by Spin with the Method of a. {{Fresnel}}},
  shorttitle = {Stern-{{Gerlach}} Experiment with Light},
  author = {Arteaga, Oriol and Garcia-Caurel, Enric and Ossikovski, Razvigor},
  date = {2019-02-18},
  journaltitle = {Optics Express},
  shortjournal = {Opt. Express, OE},
  volume = {27},
  number = {4},
  pages = {4758--4768},
  publisher = {Optica Publishing Group},
  issn = {1094-4087},
  doi = {10.1364/OE.27.004758},
  url = {https://opg.optica.org/oe/abstract.cfm?uri=oe-27-4-4758},
  urldate = {2024-08-31},
  langid = {english},
  file = {E\:\\Application\\Organizer\\Zotero\\Data1\\storage\\ELFMKB8T\\2019_-_stern-gerlach_experiment_with_light_separating_photons_by_spin_with_the_method_of_a._fresnel_-_opt._express,_oe_-_Arteaga,_Garcia-Caurel,_Ossikovski_et_al.pdf;E\:\\Application\\Organizer\\Zotero\\Data1\\storage\\HT3462MT\\2019_-_stern-gerlach_experiment_with_light_separating_photons_by_spin_with_the_method_of_a._fresnel_-_opt._express,_oe_-_Arteaga,_Garcia-Caurel,_Ossikovski_et_al.pdf}
}

@article{asoubarSimulationBirefringenceEffects2015,
  title = {Simulation of Birefringence Effects on the Dominant Transversal Laser Resonator Mode Caused by Anisotropic Crystals},
  author = {Asoubar, Daniel and Zhang, Site and Wyrowski, Frank},
  date = {2015-06-01},
  journaltitle = {Optics Express},
  shortjournal = {Opt. Express},
  volume = {23},
  number = {11},
  pages = {13848},
  issn = {1094-4087},
  doi = {10.1364/OE.23.013848},
  url = {https://opg.optica.org/abstract.cfm?URI=oe-23-11-13848},
  urldate = {2024-07-29},
  langid = {english},
  file = {E:\Application\Organizer\Zotero\Data1\storage\2BDE53DG\2015_-_simulation_of_birefringence_effects_on_the_dominant_transversal_laser_resonator_mode_caused_by_aniso_-_opt._express_-_Asoubar,_Zhang,_Wyrowski_et_al.pdf}
}

@article{bai1SupplementaryInformation,
  title = {1 Supplementary Information of 2 ``Observation of Exceptional Nonlinear Points with a Complete Basis in 3 Dynamics''},
  author = {Bai, Kai and Liu, Tian-Rui and Fang, Liang and Li, Jia-Zheng and Lin, Chen and Wan, Duanduan and Xiao, Meng},
  langid = {english},
  file = {E:\Application\Organizer\Zotero\Data1\storage\P273ZXWM\1_supplementary_information_of_2_“observation_of_exceptional_nonlinear_points_with_a_complete_basis_-_Bai,_Liu,_Fang_et_al.pdf}
}

@article{baiNonlinearExceptionalPoints2023,
  title = {Nonlinear Exceptional Points with a Complete Basis in Dynamics},
  author = {Bai, Kai and Li, Jia-Zheng and Liu, Tian-Rui and Fang, Liang and Wan, Duanduan and Xiao, Meng},
  date = {2023-06-29},
  journaltitle = {Physical Review Letters},
  shortjournal = {Phys. Rev. Lett.},
  volume = {130},
  number = {26},
  pages = {266901},
  publisher = {American Physical Society},
  doi = {10.1103/PhysRevLett.130.266901},
  url = {https://link.aps.org/doi/10.1103/PhysRevLett.130.266901},
  urldate = {2024-10-29},
  file = {E:\Application\Organizer\Zotero\Data1\storage\CKAHESQ8\2023_-_nonlinear_exceptional_points_with_a_complete_basis_in_dynamics_-_phys._rev._lett._-_Bai,_Li,_Liu_et_al.pdf}
}

@article{baiObservationNonlinearExceptional2024,
  title = {Observation of Nonlinear Exceptional Points with a Complete Basis in Dynamics},
  author = {Bai, Kai and Liu, Tian-Rui and Fang, Liang and Li, Jia-Zheng and Lin, Chen and Wan, Duanduan and Xiao, Meng},
  date = {2024-02-16},
  journaltitle = {Physical Review Letters},
  shortjournal = {Phys. Rev. Lett.},
  volume = {132},
  number = {7},
  pages = {073802},
  issn = {0031-9007, 1079-7114},
  doi = {10.1103/PhysRevLett.132.073802},
  url = {https://link.aps.org/doi/10.1103/PhysRevLett.132.073802},
  urldate = {2024-10-29},
  langid = {english},
  file = {E:\Application\Organizer\Zotero\Data1\storage\FX5656WN\2024_-_observation_of_nonlinear_exceptional_points_with_a_complete_basis_in_dynamics_-_phys._rev._lett._-_Bai,_Liu,_Fang_et_al.pdf}
}

@misc{BanDaoTiZhongDeFeiXianXingGuangXue,
  title = {半导体中的非线性光学},
  file = {E:\Application\Organizer\Zotero\Data1\storage\6ZDZI4QV\半导体中的非线性光学_-_.pdf}
}

@article{bangayFastLanczosMethod2016,
  title = {On the Fast Lanczos Method for Computation of Eigenvalues of Hankel Matrices Using Multiprecision Arithmetics},
  author = {Bangay, Shaun and Beliakov, Gleb},
  date = {2016-05},
  journaltitle = {Numerical Linear Algebra with Applications},
  shortjournal = {Numerical Linear Algebra App},
  volume = {23},
  number = {3},
  pages = {485--500},
  issn = {1070-5325, 1099-1506},
  doi = {10.1002/nla.2035},
  url = {https://onlinelibrary.wiley.com/doi/10.1002/nla.2035},
  urldate = {2024-11-19},
  langid = {english},
  file = {E:\Application\Organizer\Zotero\Data1\storage\D5YXNQH5\2016_-_on_the_fast_lanczos_method_for_computation_of_eigenvalues_of_hankel_matrices_using_multiprecision_ar_-_numerical_linear_algebra_app_-_Bangay,_Beliakov_et_al.pdf}
}

@article{barkovskiiImpedanceOperatorMethod1996,
  title = {The Impedance Operator Method for Calculation of Electro-Optic Systems for Control Laser Radiation. {{I}}: {{Basic}} Theory},
  shorttitle = {The Impedance Operator Method for Calculation of Electro-Optic Systems for Control Laser Radiation. {{I}}},
  author = {Barkovskii, L. M. and Borzdov, G. N. and Zhilko, V. V. and Lavrinenko, A. V. and Borzdov, A. N. and Fedorov, F. I. and Kamach, Yu E.},
  date = {1996-02},
  journaltitle = {Journal of Physics D: Applied Physics},
  shortjournal = {J. Phys. D: Appl. Phys.},
  volume = {29},
  number = {2},
  pages = {289},
  issn = {0022-3727},
  doi = {10.1088/0022-3727/29/2/003},
  url = {https://dx.doi.org/10.1088/0022-3727/29/2/003},
  urldate = {2024-09-03},
  langid = {english},
  file = {E:\Application\Organizer\Zotero\Data1\storage\TFGMZRZT\1996_-_the_impedance_operator_method_for_calculation_of_electro-optic_systems_for_control_laser_radiation._-_j._phys._d_appl._phys._-_Barkovskii,_Borzdov,_Zhilko_et_al.pdf}
}

@inproceedings{barkovskyDevelopmentNewOperator2004,
  title = {The Development of New Operator Methods for Describing Body and Surface Electromagnetic Waves in Complex Media},
  booktitle = {\'Etudes on {{Theoretical Physics}}},
  author = {Barkovsky, L.M. and Borzdov, G.N. and Furs, A.N. and Novitsky, A.V. and Galynsky, V.M.},
  date = {2004-11},
  pages = {283--304},
  publisher = {WORLD SCIENTIFIC},
  location = {Minsk},
  doi = {10.1142/9789812702296_0017},
  url = {http://www.worldscientific.com/doi/abs/10.1142/9789812702296_0017},
  urldate = {2024-09-17},
  eventtitle = {Collection of {{Works Dedicated}} to 65th {{Anniversary}} of the {{Department}} of {{Theoretical Physics}} of {{Belarusian State University}}},
  langid = {english},
  file = {E:\Application\Organizer\Zotero\Data1\storage\74H6TZ3F\2004_-_the_development_of_new_operator_methods_for_describing_body_and_surface_electromagnetic_waves_in_com_-_Barkovsky,_Borzdov,_Furs_et_al.pdf}
}

@online{barnettParallelNonuniformFast2019,
  title = {A Parallel Non-Uniform Fast Fourier Transform Library Based on an "Exponential of Semicircle" Kernel},
  author = {Barnett, Alex H. and Magland, Jeremy F. and family=Klinteberg, given=Ludvig, prefix=af, useprefix=false},
  date = {2019-04-08},
  eprint = {1808.06736},
  eprinttype = {arXiv},
  eprintclass = {cs, math},
  url = {http://arxiv.org/abs/1808.06736},
  urldate = {2024-08-27},
  langid = {english},
  pubstate = {prepublished},
  file = {E:\Application\Organizer\Zotero\Data1\storage\8VH4GUM9\2019_-_a_parallel_non-uniform_fast_fourier_transform_library_based_on_an_exponential_of_semicircle_kernel_-_Barnett,_Magland,_Klinteberg_et_al.pdf}
}

@article{berremanOpticsStratifiedAnisotropic1972,
  title = {Optics in Stratified and Anisotropic Media: 4\texttimes 4-Matrix Formulation},
  shorttitle = {Optics in {{Stratified}} and {{Anisotropic Media}}},
  author = {Berreman, Dwight W.},
  date = {1972-04-01},
  journaltitle = {Journal of the Optical Society of America},
  shortjournal = {J. Opt. Soc. Am.},
  volume = {62},
  number = {4},
  pages = {502},
  issn = {0030-3941},
  doi = {10.1364/JOSA.62.000502},
  url = {https://opg.optica.org/abstract.cfm?URI=josa-62-4-502},
  urldate = {2024-07-29},
  langid = {english},
  file = {E:\Application\Organizer\Zotero\Data1\storage\5TUMKGN7\1972_-_optics_in_stratified_and_anisotropic_media_4×4-matrix_formulation_-_j._opt._soc._am._-_Berreman_et_al.pdf}
}

@article{berryOpticalSingularitiesBirefringent2003,
  title = {The Optical Singularities of Birefringent Dichroic Chiral Crystals},
  author = {Berry, M. V. and Dennis, M. R.},
  date = {2003-05-08},
  journaltitle = {Proceedings of the Royal Society of London. Series A: Mathematical, Physical and Engineering Sciences},
  shortjournal = {Proc. R. Soc. Lond. A},
  volume = {459},
  number = {2033},
  pages = {1261--1292},
  issn = {1364-5021, 1471-2946},
  doi = {10.1098/rspa.2003.1155},
  url = {https://royalsocietypublishing.org/doi/10.1098/rspa.2003.1155},
  urldate = {2024-07-27},
  langid = {english},
  file = {E:\Application\Organizer\Zotero\Data1\storage\8DZWZLLS\2003_-_the_optical_singularities_of_birefringent_dichroic_chiral_crystals_-_proc._r._soc._lond._a_-_Berry,_Dennis_et_al.pdf}
}

@article{berryPancharatnamVirtuosoPoincare1994,
  title = {Pancharatnam, Virtuoso of the Poincar\'e Sphere: {{An}} Appreciation},
  shorttitle = {Pancharatnam, Virtuoso of the {{Poincar\'e}} Sphere},
  author = {Berry, Michael},
  date = {1994},
  journaltitle = {Current Science},
  volume = {67},
  number = {4},
  pages = {220--223},
  publisher = {Current Science Association},
  issn = {0011-3891},
  url = {https://www.jstor.org/stable/24095727},
  urldate = {2024-09-10},
  langid = {american},
  file = {E:\Application\Organizer\Zotero\Data1\storage\JM7QQJ9M\1994_-_pancharatnam,_virtuoso_of_the_poincaré_sphere_an_appreciation_-_Berry_et_al.pdf}
}

@article{berryTopologicalEventsWave2007,
  title = {Topological Events on Wave Dislocation Lines: Birth and Death of Loops, and Reconnection},
  shorttitle = {Topological Events on Wave Dislocation Lines},
  author = {Berry, M V and Dennis, M R},
  date = {2007-01-05},
  journaltitle = {Journal of Physics A: Mathematical and Theoretical},
  shortjournal = {J. Phys. A: Math. Theor.},
  volume = {40},
  number = {1},
  pages = {65--74},
  issn = {1751-8113, 1751-8121},
  doi = {10.1088/1751-8113/40/1/004},
  url = {https://iopscience.iop.org/article/10.1088/1751-8113/40/1/004},
  urldate = {2024-07-28},
  langid = {english},
  file = {E:\Application\Organizer\Zotero\Data1\storage\JF32PN4N\2007_-_topological_events_on_wave_dislocation_lines_birth_and_death_of_loops,_and_reconnection_-_j._phys._a_math._theor._-_Berry,_Dennis_et_al.pdf}
}

@article{bethuneOpticalQuadrupoleSumfrequency1976,
  title = {Optical Quadrupole Sum-Frequency Generation in Sodium Vapor},
  author = {Bethune, D. S. and Smith, R. W. and Shen, Y. R.},
  date = {1976-08-16},
  journaltitle = {Physical Review Letters},
  shortjournal = {Phys. Rev. Lett.},
  volume = {37},
  number = {7},
  pages = {431--434},
  publisher = {American Physical Society},
  doi = {10.1103/PhysRevLett.37.431},
  url = {https://link.aps.org/doi/10.1103/PhysRevLett.37.431},
  urldate = {2025-01-04},
  file = {E:\Application\Organizer\Zotero\Data1\storage\AWW2U8BZ\1976_-_optical_quadrupole_sum-frequency_generation_in_sodium_vapor_-_phys._rev._lett._-_Bethune,_Smith,_Shen_et_al.pdf}
}

@article{bogdanovaStereographicWaveletFrames2005,
  title = {Stereographic Wavelet Frames on the Sphere},
  author = {Bogdanova, I. and Vandergheynst, P. and Antoine, J-P. and Jacques, L. and Morvidone, M.},
  date = {2005-09},
  journaltitle = {Applied and Computational Harmonic Analysis},
  shortjournal = {Applied and Computational Harmonic Analysis},
  volume = {19},
  number = {2},
  pages = {223--252},
  issn = {10635203},
  doi = {10.1016/j.acha.2005.05.001},
  url = {https://linkinghub.elsevier.com/retrieve/pii/S1063520305000436},
  urldate = {2024-09-25},
  langid = {english},
  file = {E:\Application\Organizer\Zotero\Data1\storage\9Z4QKB66\2005_-_stereographic_wavelet_frames_on_the_sphere_-_applied_and_computational_harmonic_analysis_-_Bogdanova,_Vandergheynst,_Antoine_et_al.pdf}
}

@book{borzdovLocalizedSolutionsDirac2019,
  title = {Localized Solutions of the Dirac Equation in Free Space and Electromagnetic Space-Time Crystals},
  author = {Borzdov, G.},
  date = {2019-09-20},
  langid = {american},
  file = {E:\Application\Organizer\Zotero\Data1\storage\UYRDTCZ4\2019_-_localized_solutions_of_the_dirac_equation_in_free_space_and_electromagnetic_space-time_crystals_-_Borzdov_et_al.pdf}
}

@article{borzdovPlanewaveSuperpositionsDefined2000,
  title = {Plane-Wave Superpositions Defined by Orthonormal Scalar Functions on Two- and Three-Dimensional Manifolds},
  author = {Borzdov, G. N.},
  date = {2000-04-01},
  journaltitle = {Physical Review E},
  shortjournal = {Phys. Rev. E},
  volume = {61},
  number = {4},
  pages = {4462--4478},
  publisher = {American Physical Society},
  doi = {10.1103/PhysRevE.61.4462},
  url = {https://link.aps.org/doi/10.1103/PhysRevE.61.4462},
  urldate = {2024-07-31},
  langid = {american},
  file = {E:\Application\Organizer\Zotero\Data1\storage\9X25VXLW\2000_-_plane-wave_superpositions_defined_by_orthonormal_scalar_functions_on_two-_and_three-dimensional_mani_-_phys._rev._e_-_Borzdov_et_al.pdf}
}

@article{borzdovWavesLinearQuadratic1996,
  title = {Waves with Linear, Quadratic and Cubic Coordinate Dependence of Amplitude in Crystals},
  author = {Borzdov, G N},
  date = {1996-04},
  journaltitle = {Pramana},
  shortjournal = {Pramana - J. Phys.},
  volume = {46},
  number = {4},
  pages = {245--257},
  issn = {0304-4289, 0973-7111},
  doi = {10.1007/BF02846911},
  url = {http://link.springer.com/10.1007/BF02846911},
  urldate = {2024-07-30},
  langid = {english},
  file = {E:\Application\Organizer\Zotero\Data1\storage\WTXS5Y3F\1996_-_waves_with_linear,_quadratic_and_cubic_coordinate_dependence_of_amplitude_in_crystals_-_pramana_-_j._phys._-_Borzdov_et_al.pdf}
}

@article{boukaramBatchedQRSVD2018,
  title = {Batched {{QR}} and {{SVD}} Algorithms on {{GPUs}} with Applications in Hierarchical Matrix Compression},
  author = {Boukaram, Wajih Halim and Turkiyyah, George and Ltaief, Hatem and Keyes, David E.},
  date = {2018-05},
  journaltitle = {Parallel Computing},
  shortjournal = {Parallel Computing},
  volume = {74},
  pages = {19--33},
  issn = {01678191},
  doi = {10.1016/j.parco.2017.09.001},
  url = {https://linkinghub.elsevier.com/retrieve/pii/S0167819117301461},
  urldate = {2024-09-04},
  langid = {english},
  file = {E:\Application\Organizer\Zotero\Data1\storage\HL83K7RC\2018_-_batched_qr_and_svd_algorithms_on_gpus_with_applications_in_hierarchical_matrix_compression_-_parallel_computing_-_Boukaram,_Turkiyyah,_Ltaief_et_al.pdf}
}

@incollection{brouwerEfficientBatchLU2014,
  title = {Efficient Batch {{LU}} and {{QR}} Decomposition on {{GPU}}},
  author = {Brouwer, William and Taunay, Pierre-Yves},
  date = {2014-06-09},
  pages = {69--86},
  doi = {10.1007/978-3-319-06548-9_4},
  isbn = {978-3-319-06547-2}
}

@online{CalcPlot3DIntroductionVideo,
  title = {{{CalcPlot3D}} Introduction Video},
  url = {https://c3d.libretexts.org/CalcPlot3D/CalcPlot3D-Help/section-1.html},
  urldate = {2024-07-31}
}

@article{calixtoSamplingTheoremDiscrete2008,
  title = {Sampling Theorem and Discrete Fourier Transform on the Riemann Sphere},
  author = {Calixto, M. and Guerrero, J. and S\'anchez-Monreal, J. C.},
  date = {2008-08},
  journaltitle = {Journal of Fourier Analysis and Applications},
  shortjournal = {J Fourier Anal Appl},
  volume = {14},
  number = {4},
  pages = {538--567},
  issn = {1069-5869, 1531-5851},
  doi = {10.1007/s00041-008-9027-z},
  url = {http://link.springer.com/10.1007/s00041-008-9027-z},
  urldate = {2024-09-25},
  langid = {english},
  file = {E:\Application\Organizer\Zotero\Data1\storage\PSGSLKJA\2008_-_sampling_theorem_and_discrete_fourier_transform_on_the_riemann_sphere_-_j_fourier_anal_appl_-_Calixto,_Guerrero,_Sánchez-Monreal_et_al.pdf}
}

@article{calixtoSamplingTheoremDiscrete2008a,
  title = {Sampling Theorem and Discrete Fourier Transform on the Riemann Sphere},
  author = {Calixto, Manuel and Guerrero, Julio and S\'anchez-Monreal, Juan Carlos},
  date = {2008-08},
  journaltitle = {Journal of Fourier Analysis and Applications},
  shortjournal = {J Fourier Anal Appl},
  volume = {14},
  number = {4},
  eprint = {math-ph/0612046},
  eprinttype = {arXiv},
  pages = {538--567},
  issn = {1069-5869, 1531-5851},
  doi = {10.1007/s00041-008-9027-z},
  url = {http://arxiv.org/abs/math-ph/0612046},
  urldate = {2024-09-25},
  langid = {english},
  file = {E:\Application\Organizer\Zotero\Data1\storage\YDVIEE4C\2008_-_sampling_theorem_and_discrete_fourier_transform_on_the_riemann_sphere_-_j_fourier_anal_appl_-_Calixto,_Guerrero,_Sánchez-Monreal_et_al.pdf}
}

@article{calixtoSamplingTheoremDiscrete2011,
  title = {Sampling Theorem and Discrete Fourier Transform on the Hyperboloid},
  author = {Calixto, Manuel and Guerrero, Julio and S\'anchez-Monreal, Juan Carlos},
  date = {2011-04},
  journaltitle = {Journal of Fourier Analysis and Applications},
  shortjournal = {J Fourier Anal Appl},
  volume = {17},
  number = {2},
  eprint = {0904.4716},
  eprinttype = {arXiv},
  eprintclass = {math-ph},
  pages = {240--264},
  issn = {1069-5869, 1531-5851},
  doi = {10.1007/s00041-010-9142-5},
  url = {http://arxiv.org/abs/0904.4716},
  urldate = {2024-09-25},
  langid = {english},
  file = {E:\Application\Organizer\Zotero\Data1\storage\B4J8LC9R\2011_-_sampling_theorem_and_discrete_fourier_transform_on_the_hyperboloid_-_j_fourier_anal_appl_-_Calixto,_Guerrero,_Sánchez-Monreal_et_al.pdf}
}

@article{carnioAnalysisElectricField2018,
  title = {Analysis of Electric Field Propagation in Anisotropically Absorbing and Reflecting Waveplates},
  author = {Carnio, B. N. and Elezzabi, A. Y.},
  date = {2018-04-01},
  journaltitle = {Journal of Infrared, Millimeter, and Terahertz Waves},
  shortjournal = {J Infrared Milli Terahz Waves},
  volume = {39},
  number = {4},
  pages = {313--325},
  issn = {1866-6906},
  doi = {10.1007/s10762-018-0465-7},
  url = {https://doi.org/10.1007/s10762-018-0465-7},
  urldate = {2024-07-31},
  langid = {english},
  file = {E:\Application\Organizer\Zotero\Data1\storage\KHIR9PMD\2018_-_analysis_of_electric_field_propagation_in_anisotropically_absorbing_and_reflecting_waveplates_-_j_infrared_milli_terahz_waves_-_Carnio,_Elezzabi_et_al.pdf}
}

@online{carrollBatchedGPUMethodology2021,
  title = {A Batched {{GPU}} Methodology for Numerical Solutions of Partial Differential Equations},
  author = {Carroll, Enda and Gloster, Andrew and Bustamante, Miguel D. and N\'araigh, Lennon \'O'},
  date = {2021-07-08},
  eprint = {2107.05395},
  eprinttype = {arXiv},
  eprintclass = {physics},
  doi = {10.48550/arXiv.2107.05395},
  url = {http://arxiv.org/abs/2107.05395},
  urldate = {2024-12-13},
  langid = {english},
  pubstate = {prepublished},
  file = {E:\Application\Organizer\Zotero\Data1\storage\6CYZ4Z7Z\2021_-_a_batched_gpu_methodology_for_numerical_solutions_of_partial_differential_equations_-_Carroll,_Gloster,_Bustamante_et_al.pdf}
}

@article{carterBandlimitedAngularspectrumApproximation1975,
  title = {Band-Limited Angular-Spectrum Approximation to a Spherical Scalar Wave Field},
  author = {Carter, William H.},
  date = {1975-09-01},
  journaltitle = {JOSA},
  shortjournal = {J. Opt. Soc. Am., JOSA},
  volume = {65},
  number = {9},
  pages = {1054--1058},
  publisher = {Optica Publishing Group},
  doi = {10.1364/JOSA.65.001054},
  url = {https://opg.optica.org/josa/abstract.cfm?uri=josa-65-9-1054},
  urldate = {2024-10-20},
  langid = {english}
}

@article{changSimpleFormulasCalculating2001,
  title = {Simple Formulas for Calculating Wave Propagation and Splitting in Anisotropic Media},
  author = {Chang, Chong-Min and Shieh, Han-Ping D.},
  date = {2001-11-01},
  journaltitle = {Japanese Journal of Applied Physics},
  shortjournal = {Jpn. J. Appl. Phys.},
  volume = {40},
  pages = {6391},
  issn = {0021-4922, 1347-4065},
  doi = {10.1143/JJAP.40.6391},
  url = {https://iopscience.iop.org/article/10.1143/JJAP.40.6391},
  urldate = {2024-07-29},
  issue = {11R},
  langid = {english},
  file = {E:\Application\Organizer\Zotero\Data1\storage\JA8WQWC3\2001_-_simple_formulas_for_calculating_wave_propagation_and_splitting_in_anisotropic_media_-_jpn._j._appl._phys._-_Chang,_Shieh_et_al.pdf}
}

@article{changWavePropagationBianisotropic2014,
  title = {Wave Propagation in Bianisotropic Metamaterials: {{Angular}} Selective Transmission},
  shorttitle = {Wave Propagation in Bianisotropic Metamaterials},
  author = {Chang, Po-Han and Kuo, Chih-Yu and Chern, Ruey-Lin},
  date = {2014-10-20},
  journaltitle = {Optics Express},
  shortjournal = {Opt. Express},
  volume = {22},
  number = {21},
  pages = {25710},
  issn = {1094-4087},
  doi = {10.1364/OE.22.025710},
  url = {https://opg.optica.org/oe/abstract.cfm?uri=oe-22-21-25710},
  urldate = {2024-07-29},
  langid = {english},
  file = {E:\Application\Organizer\Zotero\Data1\storage\TNEIYPHV\2014_-_wave_propagation_in_bianisotropic_metamaterials_angular_selective_transmission_-_opt._express_-_Chang,_Kuo,_Chern_et_al.pdf}
}

@inproceedings{chatterjeeRevisitingFresnelCoefficients2003,
  title = {Revisiting the Fresnel Coefficients for Uniform Plane Wave Propagation across a Nonchiral, Reciprocal and Chiral, Nonreciprocal Interface},
  author = {Chatterjee, Monish R. and Nema, Sumit},
  editor = {Ambs, Pierre and Beyette, Jr., Fred R.},
  date = {2003-11-12},
  pages = {22},
  location = {San Diego, California, USA},
  doi = {10.1117/12.507554},
  url = {http://proceedings.spiedigitallibrary.org/proceeding.aspx?doi=10.1117/12.507554},
  urldate = {2024-08-23},
  eventtitle = {Optical {{Science}} and {{Technology}}, {{SPIE}}'s 48th {{Annual Meeting}}},
  langid = {english},
  file = {E:\Application\Organizer\Zotero\Data1\storage\LLXGHYQH\2003_-_revisiting_the_fresnel_coefficients_for_uniform_plane_wave_propagation_across_a_nonchiral,_reciproca_-_Chatterjee,_Nema_et_al.pdf}
}

@software{chen-zhuChenZhuxieUndergraduate_courses2024,
  title = {{{ChenZhu-xie}}/Undergraduate\_courses},
  author = {Ch\'en-Zh\'u, Xi\`e},
  date = {2024-06-03T15:12:45Z},
  origdate = {2024-02-10T05:53:34Z},
  url = {https://github.com/ChenZhu-Xie/undergraduate_courses},
  urldate = {2025-01-01}
}

@article{chenCoordinatefreeApproachWave1982,
  title = {A Coordinate-Free Approach to Wave Propagation in Anisotropic Media},
  author = {Chen, Hollis C.},
  date = {1982-07-01},
  journaltitle = {Journal of Applied Physics},
  volume = {53},
  number = {7},
  pages = {4606--4609},
  issn = {0021-8979, 1089-7550},
  doi = {10.1063/1.331382},
  url = {https://pubs.aip.org/jap/article/53/7/4606/14225/A-coordinate-free-approach-to-wave-propagation-in},
  urldate = {2024-07-29},
  langid = {english},
  file = {E:\Application\Organizer\Zotero\Data1\storage\5Y7P9ZCU\1982_-_a_coordinate-free_approach_to_wave_propagation_in_anisotropic_media_-_Chen_et_al.pdf}
}

@article{chenFractionalFourierTransform,
  title = {Fractional Fourier Transform of Apertured Paraboloid Refracting System},
  author = {Chen, Jiannong and Yan, Jinliang and Wang, Defa and Yu, Yongjiang},
  langid = {english},
  file = {E:\Application\Organizer\Zotero\Data1\storage\CSKFKB8V\fractional_fourier_transform_of_apertured_paraboloid_refracting_system_-_Chen,_Yan,_Wang_et_al.pdf}
}

@article{chengAsymmetricTopologicalPumping2022,
  title = {Asymmetric Topological Pumping in Nonparaxial Photonics},
  author = {Cheng, Qingqing and Wang, Huaiqiang and Ke, Yongguan and Chen, Tao and Yu, Ye and Kivshar, Yuri S. and Lee, Chaohong and Pan, Yiming},
  date = {2022-01-11},
  journaltitle = {Nature Communications},
  shortjournal = {Nat Commun},
  volume = {13},
  number = {1},
  pages = {249},
  issn = {2041-1723},
  doi = {10.1038/s41467-021-27773-9},
  url = {https://www.nature.com/articles/s41467-021-27773-9},
  urldate = {2024-08-01},
  langid = {english},
  file = {E:\Application\Organizer\Zotero\Data1\storage\Z4P2DDYR\2022_-_asymmetric_topological_pumping_in_nonparaxial_photonics_-_nat_commun_-_Cheng,_Wang,_Ke_et_al.pdf}
}

@article{ChenShiYingYongSlepianJuBuPuFangFaJieSuanZhongGuoDaLuChongLiChangQiuXieMoXing2017,
  title = {应用Slepian局部谱方法解算中国大陆重力场球谐模型},
  author = {陈石, 徐伟民 and CHEN Shi, XU Weimin},
  date = {2017-08-20},
  journaltitle = {测绘学报},
  volume = {46},
  number = {8},
  pages = {952},
  issn = {1001-1595},
  doi = {10.11947/j.AGCS.2017.20150542},
  url = {http://xb.chinasmp.com/CN/10.11947/j.AGCS.2017.20150542},
  urldate = {2024-12-17},
  langid = {chinese},
  file = {E:\Application\Organizer\Zotero\Data1\storage\SPWBPFUM\2017_-_应用slepian局部谱方法解算中国大陆重力场球谐模型_-_陈石,_CHEN Shi_et_al.pdf}
}

@article{chernChiralSurfaceWaves2017,
  title = {Chiral Surface Waves on Hyperbolic-Gyromagnetic Metamaterials},
  author = {Chern, Ruey-Lin and Yu, You-Zhong},
  date = {2017-05-15},
  journaltitle = {Optics Express},
  shortjournal = {Opt. Express},
  volume = {25},
  number = {10},
  pages = {11801},
  issn = {1094-4087},
  doi = {10.1364/OE.25.011801},
  url = {https://opg.optica.org/abstract.cfm?URI=oe-25-10-11801},
  urldate = {2024-07-29},
  langid = {english},
  file = {E:\Application\Organizer\Zotero\Data1\storage\CF9GZQAK\2017_-_chiral_surface_waves_on_hyperbolic-gyromagnetic_metamaterials_-_opt._express_-_Chern,_Yu_et_al.pdf}
}

@article{coetmellecGroupVelocityDispersion2002,
  title = {Group Velocity Dispersion with Fractional-Order Fourier Formalism},
  author = {Co\"etmellec, S\'ebastien and Brunel, Marc and Lebrun, Denis and Lecourt, Jean-Bernard},
  date = {2002-11},
  journaltitle = {Journal of Optics A: Pure and Applied Optics},
  shortjournal = {J. Opt. A: Pure Appl. Opt.},
  volume = {5},
  number = {1},
  pages = {26},
  issn = {1464-4258},
  doi = {10.1088/1464-4258/5/1/304},
  url = {https://dx.doi.org/10.1088/1464-4258/5/1/304},
  urldate = {2024-10-20},
  langid = {english}
}

@online{CopyPasteTags,
  title = {Copy and Paste Tags of Selected Item(s) 复制粘贴所选条目的标签},
  url = {https://github.com/windingwind/zotero-actions-tags/discussions/194},
  urldate = {2024-07-29},
  langid = {english},
  organization = {GitHub}
}

@inreference{CurvilinearCoordinates2024,
  title = {Curvilinear Coordinates},
  booktitle = {Wikipedia},
  date = {2024-09-16T14:18:14Z},
  url = {https://en.wikipedia.org/w/index.php?title=Curvilinear_coordinates&oldid=1246030420},
  urldate = {2024-10-22},
  langid = {english}
}

@article{CylindricalWaveSpectrum2022,
  title = {Cylindrical Wave Spectrum Decomposition Method for Evaluating the Expansion Coefficients of the Shaped Beams in Spherical Coordinates},
  date = {2022-06-01},
  journaltitle = {Journal of Quantitative Spectroscopy and Radiative Transfer},
  volume = {283},
  pages = {108138},
  publisher = {Pergamon},
  issn = {0022-4073},
  doi = {10.1016/j.jqsrt.2022.108138},
  url = {https://www.sciencedirect.com/science/article/abs/pii/S0022407322000759},
  urldate = {2024-10-20},
  langid = {american}
}

@article{danieleDiffractionImperfectHalf2007,
  title = {Diffraction by an Imperfect Half Plane in a Bianisotropic Medium},
  author = {Daniele, Vito and Graglia, Roberto D.},
  date = {2007-12},
  journaltitle = {Radio Science},
  shortjournal = {Radio Science},
  volume = {42},
  number = {6},
  pages = {2007RS003674},
  issn = {0048-6604, 1944-799X},
  doi = {10.1029/2007RS003674},
  url = {https://agupubs.onlinelibrary.wiley.com/doi/10.1029/2007RS003674},
  urldate = {2024-09-27},
  langid = {english},
  file = {E:\Application\Organizer\Zotero\Data1\storage\C59CD4Q7\2007_-_diffraction_by_an_imperfect_half_plane_in_a_bianisotropic_medium_-_radio_science_-_Daniele,_Graglia_et_al.pdf}
}

@article{dengDiffractionInterpretedFractional1996,
  title = {Diffraction Interpreted through Fractional Fourier Transforms},
  author = {Deng, Xuegong and Li, Yongping and Qiu, Yue and Fan, Dianyuan},
  date = {1996-11},
  journaltitle = {Optics Communications},
  shortjournal = {Optics Communications},
  volume = {131},
  number = {4--6},
  pages = {241--245},
  issn = {00304018},
  doi = {10.1016/0030-4018(96)00362-8},
  url = {https://linkinghub.elsevier.com/retrieve/pii/0030401896003628},
  urldate = {2024-10-20},
  langid = {english},
  file = {E:\Application\Organizer\Zotero\Data1\storage\UL7KU3WQ\1996_-_diffraction_interpreted_through_fractional_fourier_transforms_-_optics_communications_-_Deng,_Li,_Qiu_et_al.pdf}
}

@article{dokmanicConvolution$n$sphereApplication2010,
  title = {Convolution on the \$n\$-Sphere with Application to {{PDF}} Modeling},
  author = {Dokmanic, I. and Petrinovic, D.},
  date = {2010-03},
  journaltitle = {IEEE Transactions on Signal Processing},
  shortjournal = {IEEE Trans. Signal Process.},
  volume = {58},
  number = {3},
  pages = {1157--1170},
  issn = {1053-587X, 1941-0476},
  doi = {10.1109/TSP.2009.2033329},
  url = {http://ieeexplore.ieee.org/document/5272401/},
  urldate = {2024-09-25},
  langid = {english},
  file = {E:\Application\Organizer\Zotero\Data1\storage\26CR32MJ\2010_-_convolution_on_the_$n$-sphere_with_application_to_pdf_modeling_-_ieee_trans._signal_process._-_Dokmanic,_Petrinovic_et_al.pdf}
}

@article{dragomanFarFieldOptical1997,
  title = {Near and Far Field Optical Beam Characterization Using the Fractional Fourier Transform},
  author = {Dragoman, D. and Dragoman, M.},
  date = {1997-08},
  journaltitle = {Optics Communications},
  shortjournal = {Optics Communications},
  volume = {141},
  number = {1--2},
  pages = {5--9},
  issn = {00304018},
  doi = {10.1016/S0030-4018(97)00194-6},
  url = {https://linkinghub.elsevier.com/retrieve/pii/S0030401897001946},
  urldate = {2024-10-20},
  langid = {english},
  file = {E:\Application\Organizer\Zotero\Data1\storage\V52ZD9F5\1997_-_near_and_far_field_optical_beam_characterization_using_the_fractional_fourier_transform_-_optics_communications_-_Dragoman,_Dragoman_et_al.pdf}
}

@article{driscollComputingFourierTransforms1994,
  title = {Computing Fourier Transforms and Convolutions on the 2-Sphere},
  author = {Driscoll, J. R. and Healy, D. M.},
  date = {1994-06-01},
  journaltitle = {Advances in Applied Mathematics},
  shortjournal = {Advances in Applied Mathematics},
  volume = {15},
  number = {2},
  pages = {202--250},
  issn = {0196-8858},
  doi = {10.1006/aama.1994.1008},
  url = {https://www.sciencedirect.com/science/article/pii/S0196885884710086},
  urldate = {2024-09-25}
}

@online{DrudelorentzMoXing,
  title = {Drude-lorentz模型},
  url = {https://zhuanlan.zhihu.com/p/670008034},
  urldate = {2024-12-28},
  langid = {chinese},
  organization = {知乎专栏}
}

@article{ebersLightDiffractionSlab2020,
  title = {Light Diffraction in Slab Waveguide Lenses Simulated with the Stepwise Angular Spectrum Method},
  author = {Ebers, Lena and Hammer, Manfred and F\"orstner, Jens},
  date = {2020-11-23},
  journaltitle = {Optics Express},
  shortjournal = {Opt. Express},
  volume = {28},
  number = {24},
  pages = {36361},
  issn = {1094-4087},
  doi = {10.1364/OE.409612},
  url = {https://opg.optica.org/abstract.cfm?URI=oe-28-24-36361},
  urldate = {2024-09-25},
  langid = {english},
  file = {E:\Application\Organizer\Zotero\Data1\storage\MQEBFAU8\2020_-_light_diffraction_in_slab_waveguide_lenses_simulated_with_the_stepwise_angular_spectrum_method_-_opt._express_-_Ebers,_Hammer,_Förstner_et_al.pdf}
}

@article{EfficientComputationArbitrary2021,
  title = {Efficient Computation of Arbitrary Beam Scattering on a Sphere: {{Comments}} and Rebuttal, with a Review on the Angular Spectrum Decomposition},
  shorttitle = {Efficient Computation of Arbitrary Beam Scattering on a Sphere},
  date = {2021-12-01},
  journaltitle = {Journal of Quantitative Spectroscopy and Radiative Transfer},
  volume = {276},
  pages = {107913},
  publisher = {Pergamon},
  issn = {0022-4073},
  doi = {10.1016/j.jqsrt.2021.107913},
  url = {https://www.sciencedirect.com/science/article/abs/pii/S0022407321004052},
  urldate = {2024-10-20},
  langid = {american},
  file = {E:\Application\Organizer\Zotero\Data1\storage\TT54C54J\2021_-_efficient_computation_of_arbitrary_beam_scattering_on_a_sphere_comments_and_rebuttal,_with_a_review_-_.pdf}
}

@article{eidnerLightPropagationStratified1989a,
  title = {Light Propagation in Stratified Anisotropic Media: {{Orthogonality}} and Symmetry Properties of the 4 \texttimes{} 4 Matrix Formalisms},
  shorttitle = {Light Propagation in Stratified Anisotropic Media},
  author = {Eidner, K.},
  date = {1989-11-01},
  journaltitle = {JOSA A},
  shortjournal = {J. Opt. Soc. Am. A, JOSAA},
  volume = {6},
  number = {11},
  pages = {1657--1660},
  publisher = {Optica Publishing Group},
  issn = {1520-8532},
  doi = {10.1364/JOSAA.6.001657},
  url = {https://opg.optica.org/josaa/abstract.cfm?uri=josaa-6-11-1657},
  urldate = {2024-09-15},
  langid = {english}
}

@article{emslieDeterminationComplexDielectric1983,
  title = {Determination of the Complex Dielectric Tensor of Triclinic Crystals: {{Theory}}},
  shorttitle = {Determination of the Complex Dielectric Tensor of Triclinic Crystals},
  author = {Emslie, A. G. and Aronson, J. R.},
  date = {1983-07-01},
  journaltitle = {Journal of the Optical Society of America},
  shortjournal = {J. Opt. Soc. Am.},
  volume = {73},
  number = {7},
  pages = {916},
  issn = {0030-3941},
  doi = {10.1364/JOSA.73.000916},
  url = {https://opg.optica.org/abstract.cfm?URI=josa-73-7-916},
  urldate = {2024-07-30},
  langid = {english},
  file = {E:\Application\Organizer\Zotero\Data1\storage\63ILAWIL\1983_-_determination_of_the_complex_dielectric_tensor_of_triclinic_crystals_theory_-_j._opt._soc._am._-_Emslie,_Aronson_et_al.pdf}
}

@online{EtherealStyleZotero,
  title = {Ethereal Style for Zotero \textbar{} Zotero 中文社区},
  url = {https://zotero-chinese.com/user-guide/plugins/style},
  urldate = {2024-07-29}
}

@article{faressSphericalFourierTransform2020,
  title = {Spherical Fourier Transform on the Quaternionic Heisenberg Group},
  author = {Faress, Moussa and Fahlaoui, Said},
  date = {2020-09-01},
  journaltitle = {Integral Transforms and Special Functions},
  publisher = {Taylor \& Francis},
  issn = {1065-2469},
  url = {https://www.tandfonline.com/doi/abs/10.1080/10652469.2020.1739035},
  urldate = {2024-09-25},
  langid = {english}
}

@online{FastDifferentiableMatrix,
  title = {Fast Differentiable Matrix Square Root and Inverse Square Root},
  url = {https://ieeexplore.ieee.org/document/9926140},
  urldate = {2024-12-23},
  langid = {american}
}

@article{FastSphericalFourier2003,
  title = {Fast Spherical Fourier Algorithms},
  date = {2003-12-01},
  journaltitle = {Journal of Computational and Applied Mathematics},
  volume = {161},
  number = {1},
  pages = {75--98},
  publisher = {North-Holland},
  issn = {0377-0427},
  doi = {10.1016/S0377-0427(03)00546-6},
  url = {https://www.sciencedirect.com/science/article/pii/S0377042703005466},
  urldate = {2024-09-25},
  langid = {american}
}

@misc{FeiXianXingGuangXueWuShiNian,
  title = {非线性光学五十年},
  file = {E:\Application\Organizer\Zotero\Data1\storage\8CZDWEEH\非线性光学五十年_-_.pdf}
}

@online{FelixWechsler,
  title = {Felix Wechsler},
  url = {https://felixwechsler.science/},
  urldate = {2024-08-27}
}

@article{flossmannPolarizationSingularitiesUnfolding2005,
  title = {Polarization {{Singularities}} from {{Unfolding}} an {{Optical Vortex}} through a {{Birefringent Crystal}}},
  author = {Flossmann, Florian and Schwarz, Ulrich T. and Maier, Max and Dennis, Mark R.},
  date = {2005-12-12},
  journaltitle = {Physical Review Letters},
  shortjournal = {Phys. Rev. Lett.},
  volume = {95},
  number = {25},
  pages = {253901},
  publisher = {American Physical Society},
  doi = {10.1103/PhysRevLett.95.253901},
  url = {https://link.aps.org/doi/10.1103/PhysRevLett.95.253901},
  urldate = {2024-07-29},
  langid = {american},
  file = {E:\Application\Organizer\Zotero\Data1\storage\J9WHXAWI\2005_-_polarization_singularities_from_unfolding_an_optical_vortex_through_a_birefringent_crystal_-_phys._rev._lett._-_Flossmann,_Schwarz,_Maier_et_al.pdf}
}

@online{fogretLightrayApproachFractional2023,
  title = {A Light-Ray Approach to Fractional Fourier Optics},
  author = {Fogret, \'Eric and Pellat-Finet, Pierre},
  date = {2023-04-07},
  eprint = {2304.03500},
  eprinttype = {arXiv},
  eprintclass = {physics},
  url = {http://arxiv.org/abs/2304.03500},
  urldate = {2024-10-20},
  langid = {english},
  pubstate = {prepublished},
  file = {E:\Application\Organizer\Zotero\Data1\storage\X2XT43RZ\2023_-_a_light-ray_approach_to_fractional_fourier_optics_-_Fogret,_Pellat-Finet_et_al.pdf}
}

@article{frantaConstitutiveEquationsDescribing2021,
  title = {Constitutive Equations Describing Optical Activity in Theory of Dispersion},
  author = {Franta, Daniel and Voh\'anka, Ji\v r\'i},
  date = {2021-02-01},
  journaltitle = {JOSA B},
  shortjournal = {J. Opt. Soc. Am. B, JOSAB},
  volume = {38},
  number = {2},
  pages = {553--561},
  publisher = {Optica Publishing Group},
  issn = {1520-8540},
  doi = {10.1364/JOSAB.410315},
  url = {https://opg.optica.org/josab/abstract.cfm?uri=josab-38-2-553},
  urldate = {2024-08-31},
  langid = {english},
  file = {E:\Application\Organizer\Zotero\Data1\storage\NC7R6FFM\2021_-_constitutive_equations_describing_optical_activity_in_theory_of_dispersion_-_j._opt._soc._am._b,_josab_-_Franta,_Vohánka_et_al.pdf}
}

@online{FuHao,
  title = {🔣 符号},
  url = {https://www.emojicenter.com/symbols/},
  urldate = {2024-07-28},
  langid = {chinese},
  organization = {Emoji中文网}
}

@article{fursReflectanceTransmittanceLight2016,
  title = {Reflectance and Transmittance of Light for Weakly Inhomogeneous Plates in the Lower Orders of Perturbation Theory},
  author = {Furs, A. N.},
  date = {2016-09-01},
  journaltitle = {Journal of Optical Technology},
  shortjournal = {J. Opt. Technol.},
  volume = {83},
  number = {9},
  pages = {518},
  issn = {1070-9762},
  doi = {10.1364/JOT.83.000518},
  url = {https://opg.optica.org/abstract.cfm?URI=jot-83-9-518},
  urldate = {2024-09-03},
  langid = {english}
}

@article{fursReflectanceTransmittanceLight2016a,
  title = {Reflectance and Transmittance of Light for Weakly Inhomogeneous Plates in the Lower Orders of Perturbation Theory},
  author = {Furs, A. N.},
  date = {2016-09-01},
  journaltitle = {Journal of Optical Technology},
  shortjournal = {J. Opt. Technol.},
  volume = {83},
  number = {9},
  pages = {518},
  issn = {1070-9762},
  doi = {10.1364/JOT.83.000518},
  url = {https://opg.optica.org/abstract.cfm?URI=jot-83-9-518},
  urldate = {2024-09-06},
  langid = {english},
  file = {E:\Application\Organizer\Zotero\Data1\storage\JGNMKHXZ\2016_-_reflectance_and_transmittance_of_light_for_weakly_inhomogeneous_plates_in_the_lower_orders_of_pertur_-_j._opt._technol._-_Furs_et_al.pdf}
}

@article{fursReflectionTransmissionWeakly2008,
  title = {Reflection and Transmission of Weakly Inhomogeneous Anisotropic and Bianisotropic Layers Calculated by Perturbation Method},
  author = {Furs, A. N. and Alexeeva, T. A.},
  date = {2008-01},
  journaltitle = {Journal of Physics A: Mathematical and Theoretical},
  shortjournal = {J. Phys. A: Math. Theor.},
  volume = {41},
  number = {6},
  pages = {065203},
  issn = {1751-8121},
  doi = {10.1088/1751-8113/41/6/065203},
  url = {https://dx.doi.org/10.1088/1751-8113/41/6/065203},
  urldate = {2024-07-31},
  langid = {english},
  file = {E:\Application\Organizer\Zotero\Data1\storage\TXCBXLSE\2008_-_reflection_and_transmission_of_weakly_inhomogeneous_anisotropic_and_bianisotropic_layers_calculated_-_j._phys._a_math._theor._-_Furs,_Alexeeva_et_al.pdf}
}

@article{gaoKaiserbesselBasisParticlemesh2017,
  title = {Kaiser-Bessel Basis for the Particle-Mesh Interpolation},
  author = {Gao, Xingyu and Fang, Jun and Wang, Han},
  date = {2017-06-09},
  journaltitle = {Physical Review E},
  shortjournal = {Phys. Rev. E},
  volume = {95},
  number = {6},
  eprint = {1611.04661},
  eprinttype = {arXiv},
  eprintclass = {physics},
  pages = {063303},
  issn = {2470-0045, 2470-0053},
  doi = {10.1103/PhysRevE.95.063303},
  url = {http://arxiv.org/abs/1611.04661},
  urldate = {2024-12-15},
  langid = {english},
  file = {E:\Application\Organizer\Zotero\Data1\storage\ZDJZ9J36\2017_-_kaiser-bessel_basis_for_the_particle-mesh_interpolation_-_phys._rev._e_-_Gao,_Fang,_Wang_et_al.pdf}
}

@online{GaussianBeamPropagation,
  title = {Gaussian beam propagation},
  url = {https://www.edmundoptics.cn/knowledge-center/application-notes/lasers/gaussian-beam-propagation/},
  urldate = {2024-10-25},
  langid = {chinese}
}

@article{gerardinConditionsVoigtWave2001,
  title = {Conditions for Voigt Wave Propagation in Linear, Homogeneous, Dielectric Mediums},
  author = {Gerardin, Jaline and Lakhtakia, Akhlesh},
  date = {2001-01-01},
  journaltitle = {Optik},
  shortjournal = {Optik},
  volume = {112},
  number = {10},
  pages = {493--495},
  issn = {0030-4026},
  doi = {10.1078/0030-4026-00070},
  url = {https://www.sciencedirect.com/science/article/pii/S0030402604700807},
  urldate = {2024-07-30},
  langid = {american},
  file = {E:\Application\Organizer\Zotero\Data1\storage\ZB4FEVAR\2001_-_conditions_for_voigt_wave_propagation_in_linear,_homogeneous,_dielectric_mediums_-_optik_-_Gerardin,_Lakhtakia_et_al.pdf}
}

@online{GetEmojiCopyPaste,
  title = {{{GetEmoji}} - {{Copy}} \& {{Paste All Emojis From The Emoji Keyboard}} - {{No}} Apps Required},
  url = {https://getemoji.com/#objects},
  urldate = {2024-07-28}
}

@article{gilCharacterizationRetardanceNondepolarizing,
  title = {Characterization of Retardance of Nondepolarizing and Depolarizing Media},
  author = {Gil, J J and Jos\'e, I San and Ossikovski, R},
  doi = {10.1364/JOSAA.529430},
  langid = {english},
  file = {E:\Application\Organizer\Zotero\Data1\storage\GFDTDEZN\characterization_of_retardance_of_nondepolarizing_and_depolarizing_media_-_Gil,_José,_Ossikovski_et_al.pdf}
}

@article{grahamReflectionTransmissionBiaxially2013,
  title = {Reflection and Transmission from Biaxially Anisotropic-Isotropic Interfaces},
  author = {Graham, Jennifer W. and Lee, Jay Kyoon},
  date = {2013},
  journaltitle = {Progress In Electromagnetics Research},
  shortjournal = {PIER},
  volume = {136},
  pages = {681--702},
  issn = {1559-8985},
  doi = {10.2528/PIER12110808},
  url = {http://www.jpier.org/PIER/pier.php?paper=12110808},
  urldate = {2024-07-29},
  langid = {english},
  file = {E:\Application\Organizer\Zotero\Data1\storage\QSP57MTW\2013_-_reflection_and_transmission_from_biaxially_anisotropic-isotropic_interfaces_-_pier_-_Graham,_Lee_et_al.pdf}
}

@article{greengardNewVersionAdaptive2024,
  title = {A New Version of the Adaptive Fast Gauss Transform for Discrete and Continuous Sources},
  author = {Greengard, Leslie F. and Jiang, Shidong and Rachh, Manas and Wang, Jun},
  date = {2024-05-07},
  journaltitle = {SIAM Review},
  shortjournal = {SIAM Rev.},
  volume = {66},
  number = {2},
  pages = {287--315},
  publisher = {{Society for Industrial and Applied Mathematics}},
  issn = {0036-1445},
  doi = {10.1137/23M1572453},
  url = {https://epubs.siam.org/doi/10.1137/23M1572453},
  urldate = {2024-11-15}
}

@article{grundmannAngularPositionSingular2021,
  title = {Angular Position of Singular Optic Axes for Arbitrary Dielectric Tensors},
  author = {Grundmann, Marius and Sturm, Chris},
  date = {2021-05-13},
  journaltitle = {Physical Review A},
  shortjournal = {Phys. Rev. A},
  volume = {103},
  number = {5},
  pages = {053510},
  issn = {2469-9926, 2469-9934},
  doi = {10.1103/PhysRevA.103.053510},
  url = {https://link.aps.org/doi/10.1103/PhysRevA.103.053510},
  urldate = {2024-09-05},
  langid = {english},
  file = {E:\Application\Organizer\Zotero\Data1\storage\A9XMU8F9\2021_-_angular_position_of_singular_optic_axes_for_arbitrary_dielectric_tensors_-_phys._rev._a_-_Grundmann,_Sturm_et_al.pdf}
}

@article{grundmannOpticallyAnisotropicMedia2017,
  title = {Optically Anisotropic Media: {{New}} Approaches to the Dielectric Function, Singular Axes, Microcavity Modes and Raman Scattering Intensities},
  shorttitle = {Optically Anisotropic Media},
  author = {Grundmann, Marius and Sturm, Chris and Kranert, Christian and Richter, Steffen and Schmidt-Grund, R\"udiger and Deparis, Christianne and Z\'u\~niga-P\'erez, Jes\'us},
  date = {2017-01},
  journaltitle = {physica status solidi (RRL) -- Rapid Research Letters},
  shortjournal = {Physica Rapid Research Ltrs},
  volume = {11},
  number = {1},
  pages = {1600295},
  issn = {1862-6254, 1862-6270},
  doi = {10.1002/pssr.201600295},
  url = {https://onlinelibrary.wiley.com/doi/10.1002/pssr.201600295},
  urldate = {2024-07-29},
  langid = {english},
  file = {E:\Application\Organizer\Zotero\Data1\storage\8K9KHJTJ\2017_-_optically_anisotropic_media_new_approaches_to_the_dielectric_function,_singular_axes,_microcavity_m_-_physica_rapid_research_ltrs_-_Grundmann,_Sturm,_Kranert_et_al.pdf}
}

@article{grundmannSingularOpticalAxes2016,
  title = {The Singular Optical Axes in Biaxial Crystals and Analysis of Their Spectral Dispersion Effects in \$\textbackslash beta\$-ga\$\_2\${{O}}\$\_3\$},
  author = {Grundmann, Marius and Sturm, Chris},
  date = {2016-05-31},
  journaltitle = {Physical Review A},
  shortjournal = {Phys. Rev. A},
  volume = {93},
  number = {5},
  eprint = {1601.03760},
  eprinttype = {arXiv},
  eprintclass = {cond-mat},
  pages = {053839},
  issn = {2469-9926, 2469-9934},
  doi = {10.1103/PhysRevA.93.053839},
  url = {http://arxiv.org/abs/1601.03760},
  urldate = {2024-07-30},
  langid = {english},
  file = {E:\Application\Organizer\Zotero\Data1\storage\RHD8PAD8\2016_-_the_singular_optical_axes_in_biaxial_crystals_and_analysis_of_their_spectral_dispersion_effects_in_$_-_phys._rev._a_-_Grundmann,_Sturm_et_al.pdf}
}

@article{haldarLinearTransformsFourier2013,
  title = {Linear Transforms for Fourier Data on the Sphere: {{Application}} to High Angular Resolution Diffusion {{MRI}} of the Brain},
  shorttitle = {Linear {{Transforms}} for {{Fourier Data}} on the {{Sphere}}},
  author = {Haldar, Justin P. and Leahy, Richard M.},
  date = {2013-05-01},
  journaltitle = {NeuroImage},
  shortjournal = {Neuroimage},
  volume = {71},
  eprint = {23353603},
  eprinttype = {pmid},
  pages = {233--247},
  issn = {1053-8119},
  doi = {10.1016/j.neuroimage.2013.01.022},
  url = {https://www.ncbi.nlm.nih.gov/pmc/articles/PMC3594568/},
  urldate = {2024-09-25},
  langid = {american},
  pmcid = {PMC3594568},
  file = {E:\Application\Organizer\Zotero\Data1\storage\FGAWTKL7\2013_-_linear_transforms_for_fourier_data_on_the_sphere_application_to_high_angular_resolution_diffusion_m_-_neuroimage_-_Haldar,_Leahy_et_al.pdf}
}

@article{hamamSineCosineFresnel2015,
  title = {Sine and Cosine Fresnel Transforms},
  author = {Hamam, Habib and Hamam, Habib},
  date = {2015},
  langid = {english},
  file = {E:\Application\Organizer\Zotero\Data1\storage\AVFMUJ6G\2015_-_sine_and_cosine_fresnel_transforms_-_Hamam,_Hamam_et_al.pdf}
}

@article{hammerObliqueIncidenceSemiguided2015,
  title = {Oblique Incidence of Semi-Guided Waves on Rectangular Slab Waveguide Discontinuities: {{A}} Vectorial {{QUEP}} Solver},
  shorttitle = {Oblique Incidence of Semi-Guided Waves on Rectangular Slab Waveguide Discontinuities},
  author = {Hammer, Manfred},
  date = {2015-03},
  journaltitle = {Optics Communications},
  shortjournal = {Optics Communications},
  volume = {338},
  pages = {447--456},
  issn = {00304018},
  doi = {10.1016/j.optcom.2014.09.087},
  url = {https://linkinghub.elsevier.com/retrieve/pii/S0030401814009341},
  urldate = {2024-09-25},
  langid = {english},
  file = {E:\Application\Organizer\Zotero\Data1\storage\7USCCRL7\2015_-_oblique_incidence_of_semi-guided_waves_on_rectangular_slab_waveguide_discontinuities_a_vectorial_qu_-_optics_communications_-_Hammer_et_al.pdf}
}

@article{hammerQuadridirectionalEigenmodeExpansion2004,
  title = {Quadridirectional Eigenmode Expansion Scheme for 2-{{D}} Modeling of Wave Propagation in Integrated Optics},
  author = {Hammer, Manfred},
  date = {2004-05},
  journaltitle = {Optics Communications},
  shortjournal = {Optics Communications},
  volume = {235},
  number = {4--6},
  pages = {285--303},
  issn = {00304018},
  doi = {10.1016/j.optcom.2004.02.064},
  url = {https://linkinghub.elsevier.com/retrieve/pii/S0030401804002135},
  urldate = {2024-09-25},
  langid = {english},
  file = {E:\Application\Organizer\Zotero\Data1\storage\6P3XETNF\2004_-_quadridirectional_eigenmode_expansion_scheme_for_2-d_modeling_of_wave_propagation_in_integrated_opti_-_optics_communications_-_Hammer_et_al.pdf}
}

@inproceedings{hammerSmallscaleOnlineSimulations2022,
  title = {Small-Scale Online Simulations in Guided-Wave Photonics},
  booktitle = {Integrated {{Optics}}: {{Devices}}, {{Materials}}, and {{Technologies XXVI}}},
  author = {Hammer, Manfred},
  editor = {Garc\'ia-Blanco, Sonia M. and Cheben, Pavel},
  date = {2022-03-05},
  pages = {72},
  publisher = {SPIE},
  location = {San Francisco, United States},
  doi = {10.1117/12.2612208},
  url = {https://www.spiedigitallibrary.org/conference-proceedings-of-spie/12004/2612208/Small-scale-online-simulations-in-guided-wave-photonics/10.1117/12.2612208.full},
  urldate = {2024-09-25},
  eventtitle = {Integrated {{Optics}}: {{Devices}}, {{Materials}}, and {{Technologies XXVI}}},
  isbn = {978-1-5106-4879-1 978-1-5106-4880-7},
  langid = {american},
  file = {E:\Application\Organizer\Zotero\Data1\storage\6KZ73L95\2022_-_small-scale_online_simulations_in_guided-wave_photonics_-_Hammer_et_al.pdf}
}

@article{heintzmannScalableAngularSpectrum2023,
  title = {Scalable Angular Spectrum Propagation},
  author = {Heintzmann, Rainer and Loetgering, Lars and Wechsler, Felix},
  date = {2023-11-20},
  journaltitle = {Optica},
  shortjournal = {Optica, OPTICA},
  volume = {10},
  number = {11},
  pages = {1407--1416},
  publisher = {Optica Publishing Group},
  issn = {2334-2536},
  doi = {10.1364/OPTICA.497809},
  url = {https://opg.optica.org/optica/abstract.cfm?uri=optica-10-11-1407},
  urldate = {2024-08-27},
  langid = {english},
  file = {E:\Application\Organizer\Zotero\Data1\storage\EV8DZZQF\2023_-_scalable_angular_spectrum_propagation_-_optica,_optica_-_Heintzmann,_Loetgering,_Wechsler_et_al.pdf}
}

@online{hernandezScalableComputationJordan2017,
  title = {Scalable Computation of Jordan Chains},
  author = {Hern\'andez, Felipe and Pick, Adi and Johnson, Steven G.},
  date = {2017-04-24},
  eprint = {1704.05837},
  eprinttype = {arXiv},
  eprintclass = {math-ph},
  url = {http://arxiv.org/abs/1704.05837},
  urldate = {2024-09-08},
  langid = {english},
  pubstate = {prepublished},
  file = {E:\Application\Organizer\Zotero\Data1\storage\TS73WF6R\2017_-_scalable_computation_of_jordan_chains_-_Hernández,_Pick,_Johnson_et_al.pdf}
}

@article{hongTwistPhaseMatching2023,
  title = {Twist Phase Matching in Two-Dimensional Materials},
  author = {Hong, Hao and Huang, Chen and Ma, Chenjun and Qi, Jiajie and Shi, Xuping and Liu, Can and Wu, Shiwei and Sun, Zhipei and Wang, Enge and Liu, Kaihui},
  date = {2023-12-04},
  journaltitle = {Physical Review Letters},
  shortjournal = {Phys. Rev. Lett.},
  volume = {131},
  number = {23},
  pages = {233801},
  publisher = {American Physical Society},
  doi = {10.1103/PhysRevLett.131.233801},
  url = {https://link.aps.org/doi/10.1103/PhysRevLett.131.233801},
  urldate = {2024-11-23},
  file = {E:\Application\Organizer\Zotero\Data1\storage\5RMDG6AP\2023_-_twist_phase_matching_in_two-dimensional_materials_-_phys._rev._lett._-_Hong,_Huang,_Ma_et_al.pdf}
}

@article{huaImaginaryAngleFractional1997,
  title = {Imaginary Angle Fractional Fourier Transform and Its Optical Implementation},
  author = {Hua, Jianwen and Liu, Liren and Li, Guoqiang},
  date = {1997-08},
  journaltitle = {Science in China Series E: Technological Sciences},
  shortjournal = {Sci. China Ser. E-Technol. Sci.},
  volume = {40},
  number = {4},
  pages = {374--378},
  issn = {1006-9321, 1862-281X},
  doi = {10.1007/BF02919423},
  url = {http://link.springer.com/10.1007/BF02919423},
  urldate = {2024-10-20},
  langid = {english},
  file = {E:\Application\Organizer\Zotero\Data1\storage\LPVX6MIE\1997_-_imaginary_angle_fractional_fourier_transform_and_its_optical_implementation_-_sci._china_ser._e-technol._sci._-_Hua,_Liu,_Li_et_al.pdf}
}

@article{huaImaginaryAngleFractional1997a,
  title = {Imaginary Angle Fractional Fourier Transform and Its Optical Implementation},
  author = {Hua, Jianwen and Liu, Liren and Li, Guoqiang},
  date = {1997-08},
  journaltitle = {Science in China Series E: Technological Sciences},
  shortjournal = {Sci. China Ser. E-Technol. Sci.},
  volume = {40},
  number = {4},
  pages = {374--378},
  issn = {1006-9321, 1862-281X},
  doi = {10.1007/BF02919423},
  url = {http://link.springer.com/10.1007/BF02919423},
  urldate = {2024-10-20},
  langid = {english},
  file = {E:\Application\Organizer\Zotero\Data1\storage\UHYFB3WZ\1997_-_imaginary_angle_fractional_fourier_transform_and_its_optical_implementation_-_sci._china_ser._e-technol._sci._-_Hua,_Liu,_Li_et_al.pdf}
}

@book{huObservationNonabelianBand2024,
  title = {Observation of Non-Abelian Band Topology without Time-Reversal Symmetry},
  author = {Hu, Yuze and Tong, Mingyu and Jiang, Tian and Jiang, Jian-Hua and Chen, Hongsheng and Yang, Yihao},
  date = {2024-07-10},
  file = {E\:\\Application\\Organizer\\Zotero\\Data1\\storage\\JTVFZKTP\\2024_-_observation_of_non-abelian_band_topology_without_time-reversal_symmetry_-_Hu,_Tong,_Jiang_et_al.pdf;E\:\\Application\\Organizer\\Zotero\\Data1\\storage\\XQ5GXCGX\\2024_-_observation_of_non-abelian_band_topology_without_time-reversal_symmetry_-_Hu,_Tong,_Jiang_et_al.pdf}
}

@online{ignatovichBulkSurfacePlane2012,
  title = {Bulk and Surface Plane Electromagnetic Waves in Anisotropic Media},
  author = {Ignatovich, Filipp V. and Ignatovich, Vladimir K.},
  date = {2012-03-26},
  eprint = {1101.0829},
  eprinttype = {arXiv},
  eprintclass = {physics},
  url = {http://arxiv.org/abs/1101.0829},
  urldate = {2024-08-13},
  langid = {english},
  pubstate = {prepublished},
  file = {E:\Application\Organizer\Zotero\Data1\storage\85JBT68H\2012_-_bulk_and_surface_plane_electromagnetic_waves_in_anisotropic_media_-_Ignatovich,_Ignatovich_et_al.pdf}
}

@article{jangPropertiesOpticalExtended2000,
  title = {Properties of Optical Extended Fractional Fourier Transforms},
  author = {Jang, Ju-Seog},
  date = {2000-03-01},
  journaltitle = {Journal of the Optical Society of Korea},
  volume = {4},
  number = {1},
  pages = {54--57},
  publisher = {Optical Society of Korea},
  doi = {10.3807/JOSK.2000.4.1.054},
  url = {https://www.coppjournal.org/journal/view.html?uid=67},
  urldate = {2024-10-20},
  langid = {english},
  file = {E:\Application\Organizer\Zotero\Data1\storage\A2LCTG98\2000_-_properties_of_optical_extended_fractional_fourier_transforms_-_Jang_et_al.pdf}
}

@article{jishaGeometricPhaseOptics2021,
  title = {Geometric Phase in Optics: {{From}} Wavefront Manipulation to Waveguiding},
  shorttitle = {Geometric {{Phase}} in {{Optics}}},
  author = {Jisha, Chandroth Pannian and Nolte, Stefan and Alberucci, Alessandro},
  date = {2021},
  journaltitle = {Laser \& Photonics Reviews},
  volume = {15},
  number = {10},
  pages = {2100003},
  issn = {1863-8899},
  doi = {10.1002/lpor.202100003},
  url = {https://onlinelibrary.wiley.com/doi/abs/10.1002/lpor.202100003},
  urldate = {2024-09-10},
  langid = {english},
  file = {E:\Application\Organizer\Zotero\Data1\storage\RLV3XF37\2021_-_geometric_phase_in_optics_from_wavefront_manipulation_to_waveguiding_-_Jisha,_Nolte,_Alberucci_et_al.pdf}
}

@article{jovanovic2x2MatrixAlgebra2001,
  title = {A 2\texttimes 2 Matrix Algebra for Electromagnetic Wave Propagation in Stratified Biaxial Media},
  author = {Jovanovic, Nenad and Papousek, Walter},
  date = {2001-01},
  journaltitle = {AEU - International Journal of Electronics and Communications},
  shortjournal = {AEU - International Journal of Electronics and Communications},
  volume = {55},
  number = {2},
  pages = {123--126},
  issn = {14348411},
  doi = {10.1078/1434-8411-00017},
  url = {https://linkinghub.elsevier.com/retrieve/pii/S1434841104700072},
  urldate = {2024-07-31},
  langid = {english},
  file = {E:\Application\Organizer\Zotero\Data1\storage\55MJM2FN\2001_-_a_2×2_matrix_algebra_for_electromagnetic_wave_propagation_in_stratified_biaxial_media_-_aeu_-_international_journal_of_electronics_and_communications_-_Jovanovic,_Papousek_et_al.pdf}
}

@article{kamionkowskiCircularPolarizationSpherical2018,
  title = {Circular Polarization in a Spherical Basis},
  author = {Kamionkowski, Marc},
  date = {2018-06-20},
  journaltitle = {Physical Review D},
  shortjournal = {Phys. Rev. D},
  volume = {97},
  number = {12},
  pages = {123529},
  publisher = {American Physical Society},
  doi = {10.1103/PhysRevD.97.123529},
  url = {https://link.aps.org/doi/10.1103/PhysRevD.97.123529},
  urldate = {2024-10-20},
  file = {E:\Application\Organizer\Zotero\Data1\storage\XAEE95CT\2018_-_circular_polarization_in_a_spherical_basis_-_phys._rev._d_-_Kamionkowski_et_al.pdf}
}

@inproceedings{kirillovEigenvalueSurfacesDiabolic2005,
  title = {On Eigenvalue Surfaces near a Diabolic Point},
  booktitle = {Proceedings. 2005 {{International Conference Physics}} and {{Control}}, 2005.},
  author = {Kirillov, O.N. and Mailybaev, A.A. and Seyranian, A.P.},
  date = {2005},
  pages = {319--325},
  publisher = {IEEE},
  location = {Saint Petersburg, Russia},
  doi = {10.1109/PHYCON.2005.1514000},
  url = {http://ieeexplore.ieee.org/document/1514000/},
  urldate = {2024-10-18},
  eventtitle = {2005 {{International Conference Physics}} and {{Control}}, 2005.},
  isbn = {978-0-7803-9235-9},
  langid = {english},
  file = {E:\Application\Organizer\Zotero\Data1\storage\HEHMGTDU\2005_-_on_eigenvalue_surfaces_near_a_diabolic_point_-_Kirillov,_Mailybaev,_Seyranian_et_al.pdf}
}

@article{kirillovUnfoldingEigenvalueSurfaces2005,
  title = {Unfolding of Eigenvalue Surfaces near a Diabolic Point Due to a Complex Perturbation},
  author = {Kirillov, O N and Mailybaev, A A and Seyranian, A P},
  date = {2005-06-17},
  journaltitle = {Journal of Physics A: Mathematical and General},
  shortjournal = {J. Phys. A: Math. Gen.},
  volume = {38},
  number = {24},
  pages = {5531--5546},
  issn = {0305-4470, 1361-6447},
  doi = {10.1088/0305-4470/38/24/007},
  url = {https://iopscience.iop.org/article/10.1088/0305-4470/38/24/007},
  urldate = {2024-10-18},
  langid = {english},
  file = {E:\Application\Organizer\Zotero\Data1\storage\L5VGGZ66\2005_-_unfolding_of_eigenvalue_surfaces_near_a_diabolic_point_due_to_a_complex_perturbation_-_j._phys._a_math._gen._-_Kirillov,_Mailybaev,_Seyranian_et_al.pdf}
}

@online{knoppNFFTjlGenericFast2023,
  title = {{{NFFT}}.Jl: {{Generic}} and Fast Julia Implementation of the Nonequidistant Fast Fourier Transform},
  shorttitle = {{{NFFT}}.Jl},
  author = {Knopp, Tobias and Boberg, Marija and Grosser, Mirco},
  date = {2023-01-28},
  eprint = {2208.00049},
  eprinttype = {arXiv},
  eprintclass = {cs, math},
  url = {http://arxiv.org/abs/2208.00049},
  urldate = {2024-08-27},
  langid = {english},
  pubstate = {prepublished},
  file = {E:\Application\Organizer\Zotero\Data1\storage\MA5VBCIE\2023_-_nfft.jl_generic_and_fast_julia_implementation_of_the_nonequidistant_fast_fourier_transform_-_Knopp,_Boberg,_Grosser_et_al.pdf}
}

@article{kunisFastSphericalFourier2003,
  title = {Fast Spherical Fourier Algorithms},
  author = {Kunis, Stefan and Potts, Daniel},
  date = {2003-12},
  journaltitle = {Journal of Computational and Applied Mathematics},
  shortjournal = {Journal of Computational and Applied Mathematics},
  volume = {161},
  number = {1},
  pages = {75--98},
  issn = {03770427},
  doi = {10.1016/S0377-0427(03)00546-6},
  url = {https://linkinghub.elsevier.com/retrieve/pii/S0377042703005466},
  urldate = {2024-09-25},
  langid = {english},
  file = {E:\Application\Organizer\Zotero\Data1\storage\DXU6JLMN\2003_-_fast_spherical_fourier_algorithms_-_journal_of_computational_and_applied_mathematics_-_Kunis,_Potts_et_al.pdf}
}

@article{kuznetsovConicalRefractionMagnetooptical2017,
  title = {Conical Refraction in a Magneto-Optical Biaxial Crystal},
  author = {Kuznetsov, E V and Merzlikin, A M},
  date = {2017-05-01},
  journaltitle = {Journal of Optics},
  shortjournal = {J. Opt.},
  volume = {19},
  number = {5},
  pages = {055610},
  issn = {2040-8978, 2040-8986},
  doi = {10.1088/2040-8986/aa663e},
  url = {https://iopscience.iop.org/article/10.1088/2040-8986/aa663e},
  urldate = {2024-07-29},
  langid = {english},
  file = {E:\Application\Organizer\Zotero\Data1\storage\UKMINQVV\2017_-_conical_refraction_in_a_magneto-optical_biaxial_crystal_-_j._opt._-_Kuznetsov,_Merzlikin_et_al.pdf}
}

@article{kvienAngularSpectrumRepresentation1998,
  title = {Angular Spectrum Representation of Fields Diffracted by Spherical Objects: {{Physical}} Properties and Implementations of Image Field Models},
  shorttitle = {Angular Spectrum Representation of Fields Diffracted by Spherical Objects},
  author = {Kvien, Knut},
  date = {1998-03-01},
  journaltitle = {JOSA A},
  shortjournal = {J. Opt. Soc. Am. A, JOSAA},
  volume = {15},
  number = {3},
  pages = {636--651},
  publisher = {Optica Publishing Group},
  issn = {1520-8532},
  doi = {10.1364/JOSAA.15.000636},
  url = {https://opg.optica.org/josaa/abstract.cfm?uri=josaa-15-3-636},
  urldate = {2024-09-25},
  langid = {english}
}

@article{kvienAngularSpectrumRepresentation1998a,
  title = {Angular Spectrum Representation of Fields Diffracted by Spherical Objects: {{Physical}} Properties and Implementations of Image Field Models},
  shorttitle = {Angular Spectrum Representation of Fields Diffracted by Spherical Objects},
  author = {Kvien, Knut},
  date = {1998-03-01},
  journaltitle = {JOSA A},
  shortjournal = {J. Opt. Soc. Am. A, JOSAA},
  volume = {15},
  number = {3},
  pages = {636--651},
  publisher = {Optica Publishing Group},
  issn = {1520-8532},
  doi = {10.1364/JOSAA.15.000636},
  url = {https://opg.optica.org/josaa/abstract.cfm?uri=josaa-15-3-636},
  urldate = {2024-10-20},
  langid = {english}
}

@inbook{lakhtakiaCovariancesInvariancesMaxwell1995,
  title = {Covariances and Invariances of the Maxwell Postulates},
  booktitle = {Advanced {{Electromagnetism}}: {{Foundations}}, {{Theory}} and {{Applications}}},
  author = {Lakhtakia, Akhlesh},
  date = {1995-11},
  pages = {390--410},
  publisher = {WORLD SCIENTIFIC},
  doi = {10.1142/9789812831323_0014},
  url = {http://www.worldscientific.com/doi/abs/10.1142/9789812831323_0014},
  urldate = {2025-01-02},
  bookauthor = {Barrett, Terence W and Grimes, Dale M},
  isbn = {978-981-02-2095-2 978-981-283-132-3},
  langid = {english},
  file = {E:\Application\Organizer\Zotero\Data1\storage\KFS2YCQS\1995_-_covariances_and_invariances_of_the_maxwell_postulates_-_Lakhtakia_et_al.pdf}
}

@article{lakhtakiaElectromagneticSurfaceWaves2020,
  title = {Electromagnetic Surface Waves at Exceptional Points},
  author = {Lakhtakia, Akhlesh and Mackay, Tom G and Zhou, Chenzhang},
  date = {2020-01-01},
  journaltitle = {European Journal of Physics},
  shortjournal = {Eur. J. Phys.},
  volume = {42},
  number = {1},
  pages = {015302},
  issn = {0143-0807, 1361-6404},
  doi = {10.1088/1361-6404/abb6c7},
  url = {https://iopscience.iop.org/article/10.1088/1361-6404/abb6c7},
  urldate = {2024-07-31},
  langid = {english},
  file = {E:\Application\Organizer\Zotero\Data1\storage\ZJCRHJHS\2020_-_electromagnetic_surface_waves_at_exceptional_points_-_eur._j._phys._-_Lakhtakia,_Mackay,_Zhou_et_al.pdf}
}

@article{lakshmananNonequispacedFastFourier2023,
  title = {Nonequispaced Fast Fourier Transform Boost for the Sinkhorn Algorithm},
  author = {Lakshmanan, Rajmadan and Pichler, Alois and Potts, Daniel},
  date = {2023},
  journaltitle = {ETNA - Electronic Transactions on Numerical Analysis},
  shortjournal = {etna},
  volume = {58},
  pages = {289--315},
  issn = {1068-9613, 1068-9613},
  doi = {10.1553/etna_vol58s289},
  url = {https://hw.oeaw.ac.at?arp=0x003e223f},
  urldate = {2024-08-27},
  langid = {english},
  file = {E:\Application\Organizer\Zotero\Data1\storage\ZZPEUTAR\2023_-_nonequispaced_fast_fourier_transform_boost_for_the_sinkhorn_algorithm_-_etna_-_Lakshmanan,_Pichler,_Potts_et_al.pdf}
}

@online{langmoreAnswerHowPerform2011,
  title = {Answer to "How to Perform a Fourier Transform in Spherical Coordinates?"},
  shorttitle = {Answer to "{{How}} to Perform a {{Fourier}} Transform in Spherical Coordinates?},
  author = {Langmore, Ian},
  date = {2011-01-30},
  url = {https://math.stackexchange.com/a/19582},
  urldate = {2024-10-13},
  organization = {Mathematics Stack Exchange}
}

@inreference{LaplaceOperator2024,
  title = {Laplace Operator},
  booktitle = {Wikipedia},
  date = {2024-10-10T00:19:04Z},
  url = {https://en.wikipedia.org/w/index.php?title=Laplace_operator&oldid=1250363612},
  urldate = {2024-10-22},
  langid = {english}
}

@article{latorreBirefringenceCalculationRefracted2012,
  title = {Birefringence: {{Calculation}} of Refracted Ray Paths in Biaxial Crystals},
  shorttitle = {Birefringence},
  author = {Latorre, Pedro and Seron, Francisco J. and Gutierrez, Diego},
  date = {2012-04},
  journaltitle = {The Visual Computer},
  shortjournal = {Vis Comput},
  volume = {28},
  number = {4},
  pages = {341--356},
  issn = {0178-2789, 1432-2315},
  doi = {10.1007/s00371-011-0619-2},
  url = {http://link.springer.com/10.1007/s00371-011-0619-2},
  urldate = {2024-07-29},
  langid = {english},
  file = {E:\Application\Organizer\Zotero\Data1\storage\M4GX5ZKC\2012_-_birefringence_calculation_of_refracted_ray_paths_in_biaxial_crystals_-_vis_comput_-_Latorre,_Seron,_Gutierrez_et_al.pdf}
}

@article{latorreBirefringenceCalculationRefracted2012a,
  title = {Birefringence: {{Calculation}} of Refracted Ray Paths in Biaxial Crystals},
  shorttitle = {Birefringence},
  author = {Latorre, Pedro and Seron, Francisco J. and Gutierrez, Diego},
  date = {2012-04-01},
  journaltitle = {The Visual Computer},
  shortjournal = {Vis Comput},
  volume = {28},
  number = {4},
  pages = {341--356},
  issn = {1432-2315},
  doi = {10.1007/s00371-011-0619-2},
  url = {https://doi.org/10.1007/s00371-011-0619-2},
  urldate = {2024-07-29},
  langid = {english}
}

@article{latorreBirefringenceCalculationRefracted2012b,
  title = {Birefringence: {{Calculation}} of Refracted Ray Paths in Biaxial Crystals},
  shorttitle = {Birefringence},
  author = {Latorre, Pedro and Seron, Francisco J. and Gutierrez, Diego},
  date = {2012-04},
  journaltitle = {The Visual Computer},
  shortjournal = {Vis Comput},
  volume = {28},
  number = {4},
  pages = {341--356},
  issn = {0178-2789, 1432-2315},
  doi = {10.1007/s00371-011-0619-2},
  url = {http://link.springer.com/10.1007/s00371-011-0619-2},
  urldate = {2024-07-29},
  langid = {english}
}

@article{laxLinearNonlinearElectrodynamics1971,
  title = {Linear and Nonlinear Electrodynamics in Elastic Anisotropic Dielectrics},
  author = {Lax, M. and Nelson, D. F.},
  date = {1971-11-15},
  journaltitle = {Physical Review B},
  shortjournal = {Phys. Rev. B},
  volume = {4},
  number = {10},
  pages = {3694--3731},
  publisher = {American Physical Society},
  doi = {10.1103/PhysRevB.4.3694},
  url = {https://link.aps.org/doi/10.1103/PhysRevB.4.3694},
  urldate = {2025-01-04},
  file = {E:\Application\Organizer\Zotero\Data1\storage\V73HMRZN\1971_-_linear_and_nonlinear_electrodynamics_in_elastic_anisotropic_dielectrics_-_phys._rev._b_-_Lax,_Nelson_et_al.pdf}
}

@misc{Lecture_4_Scattering_of_scalar_waves_in,
  title = {Lecture\_4\_{{Scattering}}\_of\_scalar\_waves\_in},
  file = {E:\Application\Organizer\Zotero\Data1\storage\W47HL8HA\lecture_4_scattering_of_scalar_waves_in_-_.pdf}
}

@article{lemmerFresnelDiffractionIntegral,
  title = {The Fresnel Diffraction Integral Is a Fractional Fourier Transform},
  author = {Lemmer, Aaron J},
  langid = {english},
  file = {E:\Application\Organizer\Zotero\Data1\storage\MSTQKSQ5\the_fresnel_diffraction_integral_is_a_fractional_fourier_transform_-_Lemmer_et_al.pdf}
}

@article{lessigLocalFourierSlice2018,
  title = {A Local Fourier Slice Theorem},
  author = {Lessig, Christian},
  date = {2018-11-12},
  journaltitle = {Optics Express},
  shortjournal = {Opt. Express},
  volume = {26},
  number = {23},
  eprint = {1806.09706},
  eprinttype = {arXiv},
  eprintclass = {cs, math},
  pages = {29769},
  issn = {1094-4087},
  doi = {10.1364/OE.26.029769},
  url = {http://arxiv.org/abs/1806.09706},
  urldate = {2024-09-25},
  langid = {english},
  file = {E:\Application\Organizer\Zotero\Data1\storage\X66KFVQL\2018_-_a_local_fourier_slice_theorem_-_opt._express_-_Lessig_et_al.pdf}
}

@article{lewisGeometricPartialDifferential,
  title = {Geometric Partial Differential Equations: {{Definitions}} and Properties},
  author = {Lewis, Andrew D},
  langid = {english},
  file = {E:\Application\Organizer\Zotero\Data1\storage\VYXKJXI7\geometric_partial_diﬀerential_equations_deﬁnitions_and_properties_-_Lewis_et_al.pdf}
}

@book{LiDongFeng20JuliaTongJiTuXingGadfly,
  title = {20 Julia统计图形---Gadfly \textbar{} Julia语言入门},
  author = {李东风},
  url = {https://www.math.pku.edu.cn/teachers/lidf/docs/Julia/html/_book/plgadfly.html},
  urldate = {2024-08-26}
}

@online{LiJieGaoJieYanShe,
  title = {理解高阶衍射},
  url = {https://cn.comsol.com/blogs/understanding-higher-order-diffraction},
  urldate = {2024-08-31},
  langid = {chinese},
  organization = {COMSOL}
}

@article{lingPhotonicSpinhallEffect2023,
  title = {Photonic Spin-hall Effect at Generic Interfaces},
  author = {Ling, Xiaohui and Zhang, Zan and Dai, Zhiping and Wang, Zhiteng and Luo, Hailu and Zhou, Lei},
  date = {2023-04},
  journaltitle = {Laser \& Photonics Reviews},
  shortjournal = {Laser \&amp; Photonics Reviews},
  volume = {17},
  number = {4},
  pages = {2200783},
  issn = {1863-8880, 1863-8899},
  doi = {10.1002/lpor.202200783},
  url = {https://onlinelibrary.wiley.com/doi/10.1002/lpor.202200783},
  urldate = {2024-09-10},
  langid = {english}
}

@article{lipengGuangChangZongXiangDiaoKongYanJiuJinZhanTeYao2022,
  title = {光场纵向调控研究进展（特邀）},
  author = {Li Peng, 李鹏 and Fan Xinhao, 樊鑫豪 and Li Yu, 李渝 and Liu Sheng, 刘圣 and Wei Bingyan, 魏冰妍 and Zhao Jianlin, 赵建林},
  date = {2022},
  journaltitle = {ACTA PHOTONICA SINICA},
  shortjournal = {光子学报},
  volume = {51},
  number = {1},
  pages = {0151104},
  issn = {1004-4213},
  doi = {10.3788/gzxb20225101.0151104},
  url = {http://www.opticsjournal.net/Articles/Abstract/gzxb/51/1/0151104.cshtml},
  urldate = {2024-10-24},
  langid = {chinese},
  file = {E:\Application\Organizer\Zotero\Data1\storage\RITMI6TF\2022_-_光场纵向调控研究进展（特邀）_-_光子学报_-_Li Peng,_Fan Xinhao,_Li Yu_et_al.pdf}
}

@article{liuPolarizationQuaternionIts2023,
  title = {The Polarization Quaternion and Its Applications: {{A}} Joint Representationof the {{Q}}/{{U}} Stokes Parameters and {{E}}/{{B}} Mode Polarizations},
  shorttitle = {The Polarization Quaternion and Its Applications},
  author = {Liu, Hao and Creswell, James and Tsai, Chao-Wei and Naselsky, Pavel},
  date = {2023-11-01},
  journaltitle = {Journal of Cosmology and Astroparticle Physics},
  shortjournal = {J. Cosmol. Astropart. Phys.},
  volume = {2023},
  number = {11},
  pages = {025},
  issn = {1475-7516},
  doi = {10.1088/1475-7516/2023/11/025},
  url = {https://iopscience.iop.org/article/10.1088/1475-7516/2023/11/025},
  urldate = {2024-10-15},
  langid = {english},
  file = {E:\Application\Organizer\Zotero\Data1\storage\XMCE36QR\2023_-_the_polarization_quaternion_and_its_applications_a_joint_representationof_the_qu_stokes_parameters_-_j._cosmol._astropart._phys._-_Liu,_Creswell,_Tsai_et_al.pdf}
}

@article{liuSpinorbitRabiOscillations2023,
  title = {Spin-Orbit Rabi Oscillations in Optically Synthesized Magnetic Fields},
  author = {Liu, Guohua and Zhang, Xiliang and Zhang, Xin and Hu, Yanwen and Li, Zhen and Chen, Zhenqiang and Fu, Shenhe},
  date = {2023-08-28},
  journaltitle = {Light: Science \& Applications},
  shortjournal = {Light Sci Appl},
  volume = {12},
  number = {1},
  pages = {205},
  issn = {2047-7538},
  doi = {10.1038/s41377-023-01238-8},
  url = {https://www.nature.com/articles/s41377-023-01238-8},
  urldate = {2024-10-24},
  langid = {english},
  file = {E:\Application\Organizer\Zotero\Data1\storage\6KNH8BGD\2023_-_spin-orbit_rabi_oscillations_in_optically_synthesized_magnetic_fields_-_light_sci_appl_-_Liu,_Zhang,_Zhang_et_al.pdf}
}

@article{LongYiFenXiDianCiSanSheWenTiDemgfftFangFa1999,
  title = {分析电磁散射问题的mgfft方法},
  author = {龙毅 and 徐军 and 薛良金},
  date = {1999-06-15},
  journaltitle = {电子科技大学学报},
  shortjournal = {dzkjdxxbzrkxb},
  volume = {28},
  number = {3},
  pages = {255--258},
  publisher = {电子科技大学学报},
  issn = {1001-0548},
  url = {http://www.juestc.uestc.edu.cn/cn/article/id/3533},
  urldate = {2024-11-19},
  langid = {cn}
}

@inproceedings{maciaAssemblingHighproductivityDSL2019,
  title = {Assembling a High-Productivity {{DSL}} for Computational Fluid Dynamics},
  booktitle = {Proceedings of the {{Platform}} for {{Advanced Scientific Computing Conference}}},
  author = {Maci\`a, Sandra and Mart\'inez-Ferrer, Pedro J. and Mateo, Sergi and Beltran, Vicen\c c and Ayguad\'e, Eduard},
  date = {2019-06-12},
  series = {{{PASC}} '19},
  pages = {1--11},
  publisher = {Association for Computing Machinery},
  location = {New York, NY, USA},
  doi = {10.1145/3324989.3325721},
  url = {https://doi.org/10.1145/3324989.3325721},
  urldate = {2024-08-20},
  isbn = {978-1-4503-6770-7},
  langid = {american},
  file = {E:\Application\Organizer\Zotero\Data1\storage\8T9ZHEMS\2019_-_assembling_a_high-productivity_dsl_for_computational_fluid_dynamics_-_Macià,_Martínez-Ferrer,_Mateo_et_al.pdf}
}

@inproceedings{mackayExceptionalGuidedWaves2021,
  title = {Exceptional Guided Waves},
  booktitle = {2021 {{XXXIVth General Assembly}} and {{Scientific Symposium}} of the {{International Union}} of {{Radio Science}} ({{URSI GASS}})},
  author = {Mackay, Tom G. and Zhou, Chenzhang and Lakhtakia, Akhlesh},
  date = {2021-08},
  pages = {1--4},
  issn = {2642-4339},
  doi = {10.23919/URSIGASS51995.2021.9560546},
  url = {https://ieeexplore.ieee.org/document/9560546},
  urldate = {2024-07-31},
  eventtitle = {2021 {{XXXIVth General Assembly}} and {{Scientific Symposium}} of the {{International Union}} of {{Radio Science}} ({{URSI GASS}})},
  langid = {american},
  file = {E:\Application\Organizer\Zotero\Data1\storage\I5R8CVMF\2021_-_exceptional_guided_waves_-_Mackay,_Zhou,_Lakhtakia_et_al.pdf}
}

@book{mackayTransfermatrixMethodElectromagnetics2020,
  title = {The Transfer-Matrix Method in Electromagnetics and Optics},
  author = {Mackay, Tom G. and Lakhtakia, Akhlesh},
  date = {2020},
  series = {Synthesis {{Lectures}} on {{Electromagnetics}}},
  publisher = {Springer International Publishing},
  location = {Cham},
  doi = {10.1007/978-3-031-02022-3},
  url = {https://link.springer.com/10.1007/978-3-031-02022-3},
  urldate = {2024-07-31},
  isbn = {978-3-031-00894-8 978-3-031-02022-3},
  langid = {english}
}

@inproceedings{mailybaevStrongWeakCoupling2005,
  title = {Strong and Weak Coupling of Eigenvalues of Complex Matrices},
  booktitle = {Proceedings. 2005 {{International Conference Physics}} and {{Control}}, 2005.},
  author = {Mailybaev, A.A. and Kirillov, O.N. and Seyranian, A.P.},
  date = {2005},
  pages = {312--318},
  publisher = {IEEE},
  location = {Saint Petersburg, Russia},
  doi = {10.1109/PHYCON.2005.1513999},
  url = {http://ieeexplore.ieee.org/document/1513999/},
  urldate = {2024-10-18},
  eventtitle = {2005 {{International Conference Physics}} and {{Control}}, 2005.},
  isbn = {978-0-7803-9235-9},
  langid = {english},
  file = {E:\Application\Organizer\Zotero\Data1\storage\MI4NRGN8\2005_-_strong_and_weak_coupling_of_eigenvalues_of_complex_matrices_-_Mailybaev,_Kirillov,_Seyranian_et_al.pdf}
}

@article{matsushimaFastCalculationMethod2003,
  title = {Fast Calculation Method for Optical Diffraction on Tilted Planes by Use of the Angular Spectrum of Plane Waves},
  author = {Matsushima, Kyoji and Schimmel, Hagen and Wyrowski, Frank},
  date = {2003-09-01},
  journaltitle = {JOSA A},
  shortjournal = {J. Opt. Soc. Am. A, JOSAA},
  volume = {20},
  number = {9},
  pages = {1755--1762},
  publisher = {Optica Publishing Group},
  issn = {1520-8532},
  doi = {10.1364/JOSAA.20.001755},
  url = {https://opg.optica.org/josaa/abstract.cfm?uri=josaa-20-9-1755},
  urldate = {2024-10-20},
  langid = {english},
  file = {E:\Application\Organizer\Zotero\Data1\storage\LN8ARBDF\2003_-_fast_calculation_method_for_optical_diffraction_on_tilted_planes_by_use_of_the_angular_spectrum_of_p_-_j._opt._soc._am._a,_josaa_-_Matsushima,_Schimmel,_Wyrowski_et_al.pdf}
}

@article{mcleodVectorFourierOptics2014,
  title = {Vector Fourier Optics of Anisotropic Materials},
  author = {McLeod, Robert R. and Wagner, Kelvin H.},
  date = {2014-12-31},
  journaltitle = {Advances in Optics and Photonics},
  shortjournal = {Adv. Opt. Photon.},
  volume = {6},
  number = {4},
  pages = {368},
  issn = {1943-8206},
  doi = {10.1364/AOP.6.000368},
  url = {https://opg.optica.org/aop/abstract.cfm?uri=aop-6-4-368},
  urldate = {2024-07-29},
  langid = {english},
  file = {E:\Application\Organizer\Zotero\Data1\storage\8EYKK48P\2014_-_vector_fourier_optics_of_anisotropic_materials_-_adv._opt._photon._-_McLeod,_Wagner_et_al.pdf}
}

@inreference{MichaelBerryPhysicist2024,
  title = {Michael Berry (Physicist)},
  booktitle = {Wikipedia},
  date = {2024-10-12T01:37:37Z},
  url = {https://en.wikipedia.org/w/index.php?title=Michael_Berry_(physicist)&oldid=1250709255},
  urldate = {2024-10-22},
  langid = {english}
}

@article{moharamRigorousCoupledwaveAnalysis1981,
  title = {Rigorous Coupled-Wave Analysis of Planar-Grating Diffraction},
  author = {Moharam, M. G. and Gaylord, T. K.},
  date = {1981-07-01},
  journaltitle = {JOSA},
  shortjournal = {J. Opt. Soc. Am., JOSA},
  volume = {71},
  number = {7},
  pages = {811--818},
  publisher = {Optica Publishing Group},
  doi = {10.1364/JOSA.71.000811},
  url = {https://opg.optica.org/josa/abstract.cfm?uri=josa-71-7-811},
  urldate = {2024-10-29},
  langid = {english}
}

@article{molerNineteenDubiousWays2003,
  title = {Nineteen Dubious Ways to Compute the Exponential of a Matrix, Twenty-Five Years Later},
  author = {Moler, Cleve and Van Loan, Charles},
  date = {2003-01},
  journaltitle = {SIAM Review},
  shortjournal = {SIAM Rev.},
  volume = {45},
  number = {1},
  pages = {3--49},
  issn = {0036-1445, 1095-7200},
  doi = {10.1137/S00361445024180},
  url = {http://epubs.siam.org/doi/10.1137/S00361445024180},
  urldate = {2024-09-08},
  langid = {english},
  file = {E:\Application\Organizer\Zotero\Data1\storage\AI4VFKLP\2003_-_nineteen_dubious_ways_to_compute_the_exponential_of_a_matrix,_twenty-five_years_later_-_siam_rev._-_Moler,_Van Loan_et_al.pdf}
}

@article{multunasCircularDichroismCrystals2023,
  title = {Circular Dichroism of Crystals from First Principles},
  author = {Multunas, Christian and Grieder, Andrew and Xu, Junqing and Ping, Yuan and Sundararaman, Ravishankar},
  date = {2023-12-04},
  journaltitle = {Physical Review Materials},
  shortjournal = {Phys. Rev. Mater.},
  volume = {7},
  number = {12},
  pages = {123801},
  publisher = {American Physical Society},
  doi = {10.1103/PhysRevMaterials.7.123801},
  url = {https://link.aps.org/doi/10.1103/PhysRevMaterials.7.123801},
  urldate = {2024-08-04},
  langid = {american},
  file = {E:\Application\Organizer\Zotero\Data1\storage\74MZB2DN\2023_-_circular_dichroism_of_crystals_from_first_principles_-_phys._rev._mater._-_Multunas,_Grieder,_Xu_et_al.pdf}
}

@article{nelsonGeneralizingPoyntingVector1996,
  title = {Generalizing the Poynting Vector},
  author = {Nelson, D. F.},
  date = {1996-06-17},
  journaltitle = {Physical Review Letters},
  shortjournal = {Phys. Rev. Lett.},
  volume = {76},
  number = {25},
  pages = {4713--4716},
  publisher = {American Physical Society},
  doi = {10.1103/PhysRevLett.76.4713},
  url = {https://link.aps.org/doi/10.1103/PhysRevLett.76.4713},
  urldate = {2025-01-04},
  file = {E:\Application\Organizer\Zotero\Data1\storage\YRWGG6I2\1996_-_generalizing_the_poynting_vector_-_phys._rev._lett._-_Nelson_et_al.pdf}
}

@article{nemat-nasserRefractionCharacteristicsPhononic2015,
  title = {Refraction Characteristics of Phononic Crystals},
  author = {Nemat-Nasser, Sia},
  date = {2015-08-01},
  journaltitle = {Acta Mechanica Sinica},
  shortjournal = {Acta Mech. Sin.},
  volume = {31},
  number = {4},
  pages = {481--493},
  issn = {1614-3116},
  doi = {10.1007/s10409-015-0454-1},
  url = {https://doi.org/10.1007/s10409-015-0454-1},
  urldate = {2024-07-31},
  langid = {english},
  file = {E:\Application\Organizer\Zotero\Data1\storage\KCZBK3XZ\2015_-_refraction_characteristics_of_phononic_crystals_-_acta_mech._sin._-_Nemat-Nasser_et_al.pdf}
}

@online{NonhermitianPhysics2015,
  title = {Non-Hermitian Physics},
  date = {2015-03-12T13:10:56+00:00},
  url = {https://onkirillov.com/research-interest/non-hermitian-physics/},
  urldate = {2024-10-18},
  langid = {english},
  organization = {Dr. Oleg N. Kirillov}
}

@inproceedings{okamotoAngularSpectrumDecompositionbased2017,
  title = {Angular Spectrum Decomposition-Based 2.{{5D}} Higher-Order Spherical Harmonic Sound Field Synthesis with a Linear Loudspeaker Array},
  booktitle = {2017 {{IEEE Workshop}} on {{Applications}} of {{Signal Processing}} to {{Audio}} and {{Acoustics}} ({{WASPAA}})},
  author = {Okamoto, Takuma},
  date = {2017-10},
  pages = {180--184},
  publisher = {IEEE},
  location = {New Paltz, NY},
  doi = {10.1109/WASPAA.2017.8170019},
  url = {http://ieeexplore.ieee.org/document/8170019/},
  urldate = {2024-10-13},
  eventtitle = {2017 {{IEEE Workshop}} on {{Applications}} of {{Signal Processing}} to {{Audio}} and {{Acoustics}} ({{WASPAA}})},
  isbn = {978-1-5386-1632-1},
  langid = {english},
  file = {E:\Application\Organizer\Zotero\Data1\storage\TYP76EUG\2017_-_angular_spectrum_decomposition-based_2.5d_higher-order_spherical_harmonic_sound_field_synthesis_with_-_Okamoto_et_al.pdf}
}

@article{ossikovskiConstitutiveRelationsOptically2021,
  title = {Constitutive Relations for Optically Active Anisotropic Media: {{A}} Review},
  shorttitle = {Constitutive {{Relations}} for {{Optically Active Anisotropic Media}}},
  author = {Ossikovski, Razvigor and Arteaga, Oriol and Sturm, Chris},
  date = {2021-12},
  journaltitle = {Advanced Photonics Research},
  shortjournal = {Advanced Photonics Research},
  volume = {2},
  number = {12},
  pages = {2100160},
  issn = {2699-9293, 2699-9293},
  doi = {10.1002/adpr.202100160},
  url = {https://onlinelibrary.wiley.com/doi/10.1002/adpr.202100160},
  urldate = {2024-08-31},
  langid = {english},
  file = {E:\Application\Organizer\Zotero\Data1\storage\QW2ECITA\2021_-_constitutive_relations_for_optically_active_anisotropic_media_a_review_-_advanced_photonics_research_-_Ossikovski,_Arteaga,_Sturm_et_al.pdf}
}

@article{ossikovskiExtendedYehsMethod2017,
  title = {Extended Yeh's Method for Optically Active Anisotropic Layered Media},
  author = {Ossikovski, Razvigor and Arteaga, Oriol},
  date = {2017-09-15},
  journaltitle = {Optics Letters},
  shortjournal = {Opt. Lett.},
  volume = {42},
  number = {18},
  pages = {3690},
  issn = {0146-9592, 1539-4794},
  doi = {10.1364/OL.42.003690},
  url = {https://opg.optica.org/abstract.cfm?URI=ol-42-18-3690},
  urldate = {2024-08-31},
  langid = {english},
  file = {E:\Application\Organizer\Zotero\Data1\storage\K3M7BGHK\2017_-_extended_yeh’s_method_for_optically_active_anisotropic_layered_media_-_opt._lett._-_Ossikovski,_Arteaga_et_al.pdf}
}

@article{ozaktasFractionalFourierTransform,
  title = {The Fractional Fourier Transform and Wave Propagation},
  author = {Ozaktas, Haldun M},
  langid = {english},
  file = {E:\Application\Organizer\Zotero\Data1\storage\A99CPRQX\the_fractional_fourier_transform_and_wave_propagation_-_Ozaktas_et_al.pdf}
}

@article{pellat-finetComplexOrderFractional2006,
  title = {Complex Order Fractional Fourier Transforms and Their Use in Diffraction Theory. {{Application}} to Optical Resonators},
  author = {Pellat-Finet, Pierre and Fogret, \'Eric},
  date = {2006-02},
  journaltitle = {Optics Communications},
  shortjournal = {Optics Communications},
  volume = {258},
  number = {2},
  pages = {103--113},
  issn = {00304018},
  doi = {10.1016/j.optcom.2005.07.072},
  url = {https://linkinghub.elsevier.com/retrieve/pii/S0030401805007807},
  urldate = {2024-10-20},
  langid = {english},
  file = {E:\Application\Organizer\Zotero\Data1\storage\RFP9LIYY\2006_-_complex_order_fractional_fourier_transforms_and_their_use_in_diffraction_theory._application_to_opti_-_optics_communications_-_Pellat-Finet,_Fogret_et_al.pdf}
}

@online{pellat-finetEffectDiffractionWigner2022,
  title = {Effect of Diffraction on Wigner Distributions of Optical Fields and How to Use It in Optical Resonator Theory. {{I}} -- Stable Resonators and Gaussian Beams},
  author = {Pellat-Finet, Pierre and Fogret, \'Eric},
  date = {2022-03-15},
  eprint = {2005.13430},
  eprinttype = {arXiv},
  eprintclass = {physics},
  url = {http://arxiv.org/abs/2005.13430},
  urldate = {2024-10-20},
  langid = {english},
  pubstate = {prepublished},
  file = {E:\Application\Organizer\Zotero\Data1\storage\H3XYMBUE\2022_-_effect_of_diffraction_on_wigner_distributions_of_optical_fields_and_how_to_use_it_in_optical_resonat_-_Pellat-Finet,_Fogret_et_al.pdf}
}

@article{pellat-finetFresnelDiffractionFractionalorder1994,
  title = {Fresnel Diffraction and the Fractional-Order Fourier Transform},
  author = {Pellat-Finet, Pierre},
  date = {1994-09-15},
  journaltitle = {Optics Letters},
  shortjournal = {Opt. Lett., OL},
  volume = {19},
  number = {18},
  pages = {1388--1390},
  publisher = {Optica Publishing Group},
  issn = {1539-4794},
  doi = {10.1364/OL.19.001388},
  url = {https://opg.optica.org/ol/abstract.cfm?uri=ol-19-18-1388},
  urldate = {2024-10-20},
  langid = {english},
  file = {E:\Application\Organizer\Zotero\Data1\storage\4JYG8MRH\1994_-_fresnel_diffraction_and_the_fractional-order_fourier_transform_-_opt._lett.,_ol_-_Pellat-Finet_et_al.pdf}
}

@article{pellat-finetSphericalAngularSpectrum2006,
  title = {Spherical Angular Spectrum and the Fractional Order Fourier Transform},
  author = {Pellat-Finet, Pierre and Durand, Pierre-Emmanuel and Fogret, \'Eric},
  date = {2006-12-01},
  journaltitle = {Optics Letters},
  shortjournal = {Opt. Lett.},
  volume = {31},
  number = {23},
  pages = {3429},
  issn = {0146-9592, 1539-4794},
  doi = {10.1364/OL.31.003429},
  url = {https://opg.optica.org/abstract.cfm?URI=ol-31-23-3429},
  urldate = {2024-09-25},
  langid = {english},
  file = {E:\Application\Organizer\Zotero\Data1\storage\2QHZNQXX\2006_-_spherical_angular_spectrum_and_the_fractional_order_fourier_transform_-_opt._lett._-_Pellat-Finet,_Durand,_Fogret_et_al.pdf}
}

@article{pessoaAvoidingMatrixExponentials2024,
  title = {Avoiding Matrix Exponentials for Large Transition Rate Matrices},
  author = {Pessoa, Pedro and Schweiger, Max and Presse, Steve},
  date = {2024-03-07},
  journaltitle = {The Journal of Chemical Physics},
  volume = {160},
  number = {9},
  eprint = {2312.05647},
  eprinttype = {arXiv},
  eprintclass = {physics, stat},
  pages = {094109},
  issn = {0021-9606, 1089-7690},
  doi = {10.1063/5.0190527},
  url = {http://arxiv.org/abs/2312.05647},
  urldate = {2024-09-08},
  langid = {english},
  file = {E:\Application\Organizer\Zotero\Data1\storage\J9X5ESRI\2024_-_avoiding_matrix_exponentials_for_large_transition_rate_matrices_-_Pessoa,_Schweiger,_Presse_et_al.pdf}
}

@online{PingMianBoDeQiuXieZhanKaiXiaoShiBaiKe,
  title = {平面波的球谐展开 - 小时百科},
  url = {https://wuli.wiki/online/Pl2Ylm.html},
  urldate = {2024-11-19}
}

@online{polygonononZoteroStyleBiaoZhuGuanLi,
  title = {Zotero style - 标注管理（文献矩阵） \textbar{} 给你前所未有的文献标注观看体验！\_哔哩哔哩\_bilibili},
  author = {Polygononon},
  url = {https://www.bilibili.com/video/BV1YE421w7vG/},
  urldate = {2024-08-19},
  langid = {chinese-simplified}
}

@inproceedings{pottsFourierExtensionSampling2017,
  title = {Fourier Extension and Sampling on the Sphere},
  booktitle = {2017 {{International Conference}} on {{Sampling Theory}} and {{Applications}} ({{SampTA}})},
  author = {Potts, Daniel and Van Buggenhout, Niel},
  date = {2017-07},
  pages = {82--86},
  publisher = {IEEE},
  location = {Tallin, Estonia},
  doi = {10.1109/SAMPTA.2017.8024365},
  url = {http://ieeexplore.ieee.org/document/8024365/},
  urldate = {2024-09-25},
  eventtitle = {2017 {{International Conference}} on {{Sampling Theory}} and {{Applications}} ({{SampTA}})},
  isbn = {978-1-5386-1565-2},
  langid = {english},
  file = {E:\Application\Organizer\Zotero\Data1\storage\RXMYAEMQ\2017_-_fourier_extension_and_sampling_on_the_sphere_-_Potts,_Van Buggenhout_et_al.pdf}
}

@book{priouAdvancesComplexElectromagnetic1997,
  title = {Advances in Complex Electromagnetic Materials},
  editor = {Priou, A. and Sihvola, A. and Tretyakov, S. and Vinogradov, A.},
  date = {1997},
  publisher = {Springer Netherlands},
  location = {Dordrecht},
  doi = {10.1007/978-94-011-5734-6},
  url = {http://link.springer.com/10.1007/978-94-011-5734-6},
  urldate = {2024-09-03},
  isbn = {978-94-010-6418-7 978-94-011-5734-6}
}

@online{PRLShouXingShuangQuChaoCaiLiaoZhongDeTuoBuGuangZiXiangWei,
  title = {{{PRL}}:手性双曲超材料中的拓扑光子相位},
  url = {https://mp.weixin.qq.com/s/WvwSe6Ys1ChT9hyNUp30Gw}
}

@article{qianCouplingInteractionsAnisotropic2023,
  title = {Coupling interactions of anisotropic hyperbolic phonon polaritons in double layered orthorhombic molybdenum trioxide},
  author = {Qian, Li-Ming and Sun, Meng-Ran and Zheng, Gai-Ge and {School of Physics and Optoelectronic Engineering, Nanjing University of Information Science and Technology, Nanjing 210044, China} and {Jiangsu International Joint Laboratory on Meterological Photonics and Optoelectronic Detection, Jiangsu Collaborative Innovation Center on Atmospheric Environment and Equipment Technology, Nanjing University of Information Science and Technology, Nanjing 210044, China}},
  date = {2023},
  journaltitle = {Acta Physica Sinica},
  shortjournal = {Acta Phys. Sin.},
  volume = {72},
  number = {7},
  pages = {077101},
  issn = {1000-3290, 1000-3290},
  doi = {10.7498/aps.72.20222144},
  url = {https://wulixb.iphy.ac.cn/article/doi/10.7498/aps.72.20222144},
  urldate = {2024-12-26},
  langid = {chinese},
  file = {E:\Application\Organizer\Zotero\Data1\storage\EJYLLUNC\2023_-_coupling_interactions_of_anisotropic_hyperbolic_phonon_polaritons_in_double_layered_orthorhombic_mol_-_acta_phys._sin._-_Qian,_Sun,_Zheng_et_al.pdf}
}

@article{quellmalzGeneralizationFunkRadon2017,
  title = {A Generalization of the Funk--Radon Transform},
  author = {Quellmalz, Michael},
  date = {2017-03-01},
  journaltitle = {Inverse Problems},
  shortjournal = {Inverse Problems},
  volume = {33},
  number = {3},
  pages = {035016},
  issn = {0266-5611, 1361-6420},
  doi = {10.1088/1361-6420/33/3/035016},
  url = {https://iopscience.iop.org/article/10.1088/1361-6420/33/3/035016},
  urldate = {2024-09-25},
  langid = {english},
  file = {E:\Application\Organizer\Zotero\Data1\storage\GKNHJ46L\2017_-_a_generalization_of_the_funk–radon_transform_-_inverse_problems_-_Quellmalz_et_al.pdf}
}

@inproceedings{rafayelyanPlaneElectromagneticWaves2010,
  title = {Plane Electromagnetic Waves in a Homogeneous Anisotropic Uniaxial Medium Having a Double Anisotropy and an Arbitrary Orientation of Its Optical Axis},
  author = {Rafayelyan, M. S. and Gevorgyan, A. H.},
  editor = {Papoyan, Aram V.},
  date = {2010-10-29},
  pages = {79980K},
  location = {Ashtarak, Armenia},
  doi = {10.1117/12.891315},
  url = {http://proceedings.spiedigitallibrary.org/proceeding.aspx?doi=10.1117/12.891315},
  urldate = {2024-09-20},
  eventtitle = {International {{Conference}} on {{Laser Physics}} 2010},
  langid = {english},
  file = {E:\Application\Organizer\Zotero\Data1\storage\PQDXXIR5\2010_-_plane_electromagnetic_waves_in_a_homogeneous_anisotropic_uniaxial_medium_having_a_double_anisotropy_-_Rafayelyan,_Gevorgyan_et_al.pdf}
}

@article{richterExceptionalPointsAnisotropic2017,
  title = {Exceptional Points in Anisotropic Planar Microcavities},
  author = {Richter, Steffen and Michalsky, Tom and Sturm, Chris and Rosenow, Bernd and Grundmann, Marius and Schmidt-Grund, R\"udiger},
  date = {2017-02-23},
  journaltitle = {Physical Review A},
  shortjournal = {Phys. Rev. A},
  volume = {95},
  number = {2},
  pages = {023836},
  issn = {2469-9926, 2469-9934},
  doi = {10.1103/PhysRevA.95.023836},
  url = {https://link.aps.org/doi/10.1103/PhysRevA.95.023836},
  urldate = {2024-09-05},
  langid = {english},
  file = {E:\Application\Organizer\Zotero\Data1\storage\VFQDC3FV\2017_-_exceptional_points_in_anisotropic_planar_microcavities_-_phys._rev._a_-_Richter,_Michalsky,_Sturm_et_al.pdf}
}

@article{rodriguezvarelaApplicationNonuniformFFT2020,
  title = {Application of Nonuniform {{FFT}} to Spherical Near-Field Antenna Measurements},
  author = {Rodr\'iguez Varela, Fernando and Irag\"uen, Bel\'en Galocha and Sierra-Casta\~ner, Manuel},
  date = {2020-11},
  journaltitle = {IEEE Transactions on Antennas and Propagation},
  volume = {68},
  number = {11},
  pages = {7571--7579},
  issn = {1558-2221},
  doi = {10.1109/TAP.2020.2998898},
  url = {https://ieeexplore.ieee.org/document/9109666},
  urldate = {2024-11-15},
  eventtitle = {{{IEEE Transactions}} on {{Antennas}} and {{Propagation}}},
  file = {E:\Application\Organizer\Zotero\Data1\storage\T8V3IVG5\2020_-_application_of_nonuniform_fft_to_spherical_near-field_antenna_measurements_-_Rodríguez Varela,_Iragüen,_Sierra-Castañer_et_al.pdf}
}

@article{rubinsztein-dunlopRoadmapStructuredLight2017,
  title = {Roadmap on Structured Light},
  author = {Rubinsztein-Dunlop, Halina and Forbes, Andrew and Berry, M V and Dennis, M R and Andrews, David L and Mansuripur, Masud and Denz, Cornelia and Alpmann, Christina and Banzer, Peter and Bauer, Thomas and Karimi, Ebrahim and Marrucci, Lorenzo and Padgett, Miles and Ritsch-Marte, Monika and Litchinitser, Natalia M and Bigelow, Nicholas P and Rosales-Guzm\'an, C and Belmonte, A and Torres, J P and Neely, Tyler W and Baker, Mark and Gordon, Reuven and Stilgoe, Alexander B and Romero, Jacquiline and White, Andrew G and Fickler, Robert and Willner, Alan E and Xie, Guodong and McMorran, Benjamin and Weiner, Andrew M},
  date = {2017-01-01},
  journaltitle = {Journal of Optics},
  shortjournal = {J. Opt.},
  volume = {19},
  number = {1},
  pages = {013001},
  issn = {2040-8978, 2040-8986},
  doi = {10.1088/2040-8978/19/1/013001},
  url = {https://iopscience.iop.org/article/10.1088/2040-8978/19/1/013001},
  urldate = {2024-09-13},
  langid = {english},
  file = {E:\Application\Organizer\Zotero\Data1\storage\FIBIXTSM\2017_-_roadmap_on_structured_light_-_j._opt._-_Rubinsztein-Dunlop,_Forbes,_Berry_et_al.pdf}
}

@misc{saijunLecture1b,
  title = {Lecture1b},
  author = {{saijun}, wu},
  file = {E:\Application\Organizer\Zotero\Data1\storage\ADAMYNMU\lecture1b_-_.pdf}
}

@misc{saijunSanSiJieFeiXianXingXiaoYing,
  title = {三、四阶 非线性效应},
  author = {{saijun}, wu},
  file = {E:\Application\Organizer\Zotero\Data1\storage\VGJGVZPJ\三、四阶_非线性效应_-_.pdf}
}

@online{saijunWuSaiJun,
  title = {吴赛骏},
  author = {{saijun}, wu},
  url = {https://phys.fudan.edu.cn/03/16/c7605a66326/page.htm},
  urldate = {2025-01-03}
}

@article{savotchenkoNonlinearSurfaceWaves2024,
  title = {Nonlinear Surface Waves Propagating along an Interface between the Kerr Nonlinear and Hyperbolic Graded-Index Crystals},
  author = {Savotchenko, S. E.},
  date = {2024-05-22},
  journaltitle = {Journal of Optics},
  shortjournal = {J Opt},
  issn = {0974-6900},
  doi = {10.1007/s12596-024-01907-w},
  url = {https://doi.org/10.1007/s12596-024-01907-w},
  urldate = {2024-07-31},
  langid = {english}
}

@article{savotchenkoNonlinearSurfaceWaves2024a,
  title = {Nonlinear Surface Waves Propagating along an Interface between the Kerr Nonlinear and Hyperbolic Graded-Index Crystals},
  author = {Savotchenko, S. E.},
  date = {2024-05-22},
  journaltitle = {Journal of Optics},
  shortjournal = {J Opt},
  issn = {0972-8821, 0974-6900},
  doi = {10.1007/s12596-024-01907-w},
  url = {https://link.springer.com/10.1007/s12596-024-01907-w},
  urldate = {2024-09-09},
  langid = {english},
  file = {E:\Application\Organizer\Zotero\Data1\storage\I3FU83PR\2024_-_nonlinear_surface_waves_propagating_along_an_interface_between_the_kerr_nonlinear_and_hyperbolic_gra_-_j_opt_-_Savotchenko_et_al.pdf}
}

@article{schubertAnisotropyPhononModes2016,
  title = {Anisotropy, Phonon Modes, and Free Charge Carrier Parameters in Monoclinic \$\textbackslash ensuremath\{\textbackslash beta\}\$-Gallium Oxide Single Crystals},
  author = {Schubert, M. and Korlacki, R. and Knight, S. and Hofmann, T. and Sch\"oche, S. and Darakchieva, V. and Janz\'en, E. and Monemar, B. and Gogova, D. and Thieu, Q.-T. and Togashi, R. and Murakami, H. and Kumagai, Y. and Goto, K. and Kuramata, A. and Yamakoshi, S. and Higashiwaki, M.},
  date = {2016-03-15},
  journaltitle = {Physical Review B},
  shortjournal = {Phys. Rev. B},
  volume = {93},
  number = {12},
  pages = {125209},
  publisher = {American Physical Society},
  doi = {10.1103/PhysRevB.93.125209},
  url = {https://link.aps.org/doi/10.1103/PhysRevB.93.125209},
  urldate = {2024-07-29},
  langid = {american},
  file = {E:\Application\Organizer\Zotero\Data1\storage\877Q3BVN\2016_-_anisotropy,_phonon_modes,_and_free_charge_carrier_parameters_in_monoclinic_$ensuremath beta $-gall_-_phys._rev._b_-_Schubert,_Korlacki,_Knight_et_al.pdf}
}

@article{schubertCoordinateinvariantLyddanesachstellerRelationship2016,
  title = {Coordinate-Invariant Lyddane-Sachs-Teller Relationship for Polar Vibrations in Materials with Monoclinic and Triclinic Crystal Systems},
  author = {Schubert, Mathias},
  date = {2016-11-15},
  journaltitle = {Physical Review Letters},
  shortjournal = {Phys. Rev. Lett.},
  volume = {117},
  number = {21},
  pages = {215502},
  issn = {0031-9007, 1079-7114},
  doi = {10.1103/PhysRevLett.117.215502},
  url = {https://link.aps.org/doi/10.1103/PhysRevLett.117.215502},
  urldate = {2024-07-29},
  langid = {english},
  file = {E:\Application\Organizer\Zotero\Data1\storage\L8QAQHXR\2016_-_coordinate-invariant_lyddane-sachs-teller_relationship_for_polar_vibrations_in_materials_with_monocl_-_phys._rev._lett._-_Schubert_et_al.pdf}
}

@article{schubertPolarizationdependentOpticalParameters1996,
  title = {Polarization-Dependent Optical Parameters of Arbitrarily Anisotropic Homogeneous Layered Systems},
  author = {Schubert, Mathias},
  date = {1996-02-15},
  journaltitle = {Physical Review B},
  shortjournal = {Phys. Rev. B},
  volume = {53},
  number = {8},
  pages = {4265--4274},
  issn = {0163-1829, 1095-3795},
  doi = {10.1103/PhysRevB.53.4265},
  url = {https://link.aps.org/doi/10.1103/PhysRevB.53.4265},
  urldate = {2024-07-29},
  langid = {english},
  file = {E:\Application\Organizer\Zotero\Data1\storage\SM5R6YFV\1996_-_polarization-dependent_optical_parameters_of_arbitrarily_anisotropic_homogeneous_layered_systems_-_phys._rev._b_-_Schubert_et_al.pdf}
}

@incollection{songBatchefficientEigenDecompositionSmall2022,
  title = {Batch-Efficient {{EigenDecomposition}} for Small and Medium Matrices},
  booktitle = {Computer {{Vision}} -- {{ECCV}} 2022},
  author = {Song, Yue and Sebe, Nicu and Wang, Wei},
  editor = {Avidan, Shai and Brostow, Gabriel and Ciss\'e, Moustapha and Farinella, Giovanni Maria and Hassner, Tal},
  date = {2022},
  volume = {13683},
  pages = {583--599},
  publisher = {Springer Nature Switzerland},
  location = {Cham},
  doi = {10.1007/978-3-031-20050-2_34},
  url = {https://link.springer.com/10.1007/978-3-031-20050-2_34},
  urldate = {2024-12-23},
  isbn = {978-3-031-20049-6 978-3-031-20050-2},
  langid = {english},
  file = {E:\Application\Organizer\Zotero\Data1\storage\KEYPVA35\2022_-_batch-efficient_eigendecomposition_for_small_and_medium_matrices_-_Song,_Sebe,_Wang_et_al.pdf}
}

@article{songFastDifferentiableMatrix2023,
  title = {Fast Differentiable Matrix Square Root and Inverse Square Root},
  author = {Song, Yue and Sebe, Nicu and Wang, Wei},
  date = {2023-06-01},
  journaltitle = {IEEE Transactions on Pattern Analysis and Machine Intelligence},
  shortjournal = {IEEE Trans. Pattern Anal. Mach. Intell.},
  volume = {45},
  number = {6},
  pages = {7367--7380},
  issn = {0162-8828, 2160-9292, 1939-3539},
  doi = {10.1109/TPAMI.2022.3216339},
  url = {https://ieeexplore.ieee.org/document/9926140/},
  urldate = {2024-12-23},
  file = {E:\Application\Organizer\Zotero\Data1\storage\UDAIZKSF\2023_-_fast_differentiable_matrix_square_root_and_inverse_square_root_-_ieee_trans._pattern_anal._mach._intell._-_Song,_Sebe,_Wang_et_al.pdf}
}

@article{songFerroelectricNonlinearOptical2024,
  title = {A Ferroelectric Nonlinear Optical Crystal for deep-{{UV}} Quasi-phase-matching},
  author = {Song, Yipeng and Yu, Hongwei and Li, Bingxuan and Li, Xiaoqi and Zhou, Yang and Li, Yanqiang and He, Chao and Zhang, Ge and Luo, Junhua and Zhao, Sangen},
  date = {2024-03},
  journaltitle = {Advanced Functional Materials},
  shortjournal = {Adv Funct Materials},
  volume = {34},
  number = {12},
  pages = {2310407},
  issn = {1616-301X, 1616-3028},
  doi = {10.1002/adfm.202310407},
  url = {https://onlinelibrary.wiley.com/doi/10.1002/adfm.202310407},
  urldate = {2024-11-23},
  langid = {english}
}

@inreference{SpinstabilizedMagneticLevitation2024,
  title = {Spin-Stabilized Magnetic Levitation},
  booktitle = {Wikipedia},
  date = {2024-10-09T02:40:08Z},
  url = {https://en.wikipedia.org/w/index.php?title=Spin-stabilized_magnetic_levitation&oldid=1250207638},
  urldate = {2024-10-22},
  langid = {english}
}

@article{stallingaBerreman4x4Matrix1999,
  title = {Berreman 4\texttimes 4 Matrix Method for Reflective Liquid Crystal Displays},
  author = {Stallinga, S.},
  date = {1999-03-15},
  journaltitle = {Journal of Applied Physics},
  volume = {85},
  number = {6},
  pages = {3023--3031},
  issn = {0021-8979, 1089-7550},
  doi = {10.1063/1.369638},
  url = {https://pubs.aip.org/jap/article/85/6/3023/178429/Berreman-4-4-matrix-method-for-reflective-liquid},
  urldate = {2024-07-29},
  langid = {english},
  file = {E:\Application\Organizer\Zotero\Data1\storage\XZ9XFKLJ\1999_-_berreman_4×4_matrix_method_for_reflective_liquid_crystal_displays_-_Stallinga_et_al.pdf}
}

@article{stamnesRadiationElectromagneticFields1976,
  title = {Radiation of Electromagnetic Fields in Uniaxially Anisotropic Media*},
  author = {Stamnes, Jakob J. and Sherman, George C.},
  date = {1976-08-01},
  journaltitle = {Journal of the Optical Society of America},
  shortjournal = {J. Opt. Soc. Am.},
  volume = {66},
  number = {8},
  pages = {780},
  issn = {0030-3941},
  doi = {10.1364/JOSA.66.000780},
  url = {https://opg.optica.org/abstract.cfm?URI=josa-66-8-780},
  urldate = {2024-09-06},
  langid = {english},
  file = {E:\Application\Organizer\Zotero\Data1\storage\BTI2IWKN\1976_-_radiation_of_electromagnetic_fields_in_uniaxially_anisotropic_media_-_j._opt._soc._am._-_Stamnes,_Sherman_et_al.pdf}
}

@article{stofferCylindricalIntegratedOptical2005,
  title = {Cylindrical Integrated Optical Microresonators: {{Modeling}} by 3-{{D}} Vectorial Coupled Mode Theory},
  shorttitle = {Cylindrical Integrated Optical Microresonators},
  author = {Stoffer, Remco and Hiremath, Kirankumar R. and Hammer, Manfred and Prkna, Ladislav and \v Ctyrok\'y, Ji\v r\'i},
  date = {2005-12},
  journaltitle = {Optics Communications},
  shortjournal = {Optics Communications},
  volume = {256},
  number = {1--3},
  pages = {46--67},
  issn = {00304018},
  doi = {10.1016/j.optcom.2005.06.064},
  url = {https://linkinghub.elsevier.com/retrieve/pii/S0030401805006553},
  urldate = {2024-10-17},
  langid = {english},
  file = {E:\Application\Organizer\Zotero\Data1\storage\KSLXE5RH\2005_-_cylindrical_integrated_optical_microresonators_modeling_by_3-d_vectorial_coupled_mode_theory_-_optics_communications_-_Stoffer,_Hiremath,_Hammer_et_al.pdf}
}

@online{StructuredLight,
  title = {Structured Light},
  url = {https://laserbio.ustc.edu.cn/laserbio_chn/2022/0616/c30841a559726/page.htm},
  urldate = {2024-10-24}
}

@article{sturmApplicabilityConstitutiveEquations2019,
  title = {Applicability of the Constitutive Equations for the Determination of the Material Properties of Optically Active Materials},
  author = {Sturm, Chris and Zviagin, Vitaly and Grundmann, Marius},
  date = {2019-03-15},
  journaltitle = {Optics Letters},
  shortjournal = {Opt. Lett., OL},
  volume = {44},
  number = {6},
  pages = {1351--1354},
  publisher = {Optica Publishing Group},
  issn = {1539-4794},
  doi = {10.1364/OL.44.001351},
  url = {https://opg.optica.org/ol/abstract.cfm?uri=ol-44-6-1351},
  urldate = {2024-08-31},
  langid = {english},
  file = {E:\Application\Organizer\Zotero\Data1\storage\IEL7C6D7\2019_-_applicability_of_the_constitutive_equations_for_the_determination_of_the_material_properties_of_opti_-_opt._lett.,_ol_-_Sturm,_Zviagin,_Grundmann_et_al.pdf}
}

@article{sturmElectromagneticWavesCrystals2024,
  title = {Electromagnetic Waves in Crystals: {{The}} Presence of Exceptional Points},
  shorttitle = {Electromagnetic {{Waves}} in {{Crystals}}},
  author = {Sturm, Chris},
  date = {2024},
  journaltitle = {Advanced Photonics Research},
  volume = {5},
  number = {4},
  pages = {2300235},
  issn = {2699-9293},
  doi = {10.1002/adpr.202300235},
  url = {https://onlinelibrary.wiley.com/doi/abs/10.1002/adpr.202300235},
  urldate = {2024-07-30},
  langid = {english},
  file = {E:\Application\Organizer\Zotero\Data1\storage\38STJCDB\2024_-_electromagnetic_waves_in_crystals_the_presence_of_exceptional_points_-_Sturm_et_al.pdf}
}

@article{suDirectMeasurementNonhermitian2021,
  title = {Direct Measurement of a Non-Hermitian Topological Invariant in a Hybrid Light-Matter System},
  author = {Su, Rui and Estrecho, Eliezer and Biega\'nska, D\k abr\'owka and Huang, Yuqing and Wurdack, Matthias and Pieczarka, Maciej and Truscott, Andrew G. and Liew, Timothy C. H. and Ostrovskaya, Elena A. and Xiong, Qihua},
  date = {2021-11-05},
  journaltitle = {Science Advances},
  shortjournal = {Sci. Adv.},
  volume = {7},
  number = {45},
  pages = {eabj8905},
  issn = {2375-2548},
  doi = {10.1126/sciadv.abj8905},
  url = {https://www.science.org/doi/10.1126/sciadv.abj8905},
  urldate = {2024-07-30},
  langid = {english},
  file = {E:\Application\Organizer\Zotero\Data1\storage\QFXHL2RA\2021_-_direct_measurement_of_a_non-hermitian_topological_invariant_in_a_hybrid_light-matter_system_-_sci._adv._-_Su,_Estrecho,_Biegańska_et_al.pdf}
}

@inreference{Superoscillation2024,
  title = {Superoscillation},
  booktitle = {Wikipedia},
  date = {2024-10-12T09:49:50Z},
  url = {https://en.wikipedia.org/w/index.php?title=Superoscillation&oldid=1250754727},
  urldate = {2024-10-22},
  langid = {english}
}

@article{tianAcceleratingSphericalHarmonic2022,
  title = {Accelerating Spherical Harmonic Transforms for a Large Number of Sky Maps},
  author = {Tian, Chi and Li, Siyu and Liu, Hao},
  date = {2022-12-01},
  journaltitle = {The Astrophysical Journal Supplement Series},
  shortjournal = {ApJS},
  volume = {263},
  number = {2},
  pages = {21},
  issn = {0067-0049, 1538-4365},
  doi = {10.3847/1538-4365/ac958b},
  url = {https://iopscience.iop.org/article/10.3847/1538-4365/ac958b},
  urldate = {2024-10-15},
  file = {E:\Application\Organizer\Zotero\Data1\storage\45CJSJZI\2022_-_accelerating_spherical_harmonic_transforms_for_a_large_number_of_sky_maps_-_apjs_-_Tian,_Li,_Liu_et_al.pdf}
}

@online{TouXingJiuYue333HuanTongGuoMingLingXingHeGraphRAGHuDongLocalUIJieMianLaiLa,
  title = {还通过命令行和GraphRAG互动？local UI界面来啦，支持本地txt，pdf，docx和markdown格式文档\_哔哩哔哩\_bilibili},
  author = {偷星九月333},
  url = {https://www.bilibili.com/video/BV1AS42197AP/},
  urldate = {2024-08-19},
  langid = {chinese-simplified}
}

@article{turskiGeometricFourierAnalysis2005,
  title = {Geometric Fourier Analysis for Computational Vision},
  author = {Turski, Jacek},
  date = {2005-02},
  journaltitle = {Journal of Fourier Analysis and Applications},
  shortjournal = {J Fourier Anal Appl},
  volume = {11},
  number = {1},
  pages = {1--23},
  issn = {1069-5869, 1531-5851},
  doi = {10.1007/s00041-004-0972-x},
  url = {http://link.springer.com/10.1007/s00041-004-0972-x},
  urldate = {2024-09-25},
  langid = {english},
  file = {E:\Application\Organizer\Zotero\Data1\storage\L5FGLDM8\2005_-_geometric_fourier_analysis_for_computational_vision_-_j_fourier_anal_appl_-_Turski_et_al.pdf}
}

@online{tzakrevskiyAnswerSolve$yay+b$2014,
  title = {Answer to "Solve \$y'=ay+b\$"},
  author = {TZakrevskiy},
  date = {2014-12-17},
  url = {https://math.stackexchange.com/a/1072504},
  urldate = {2024-09-05},
  organization = {Mathematics Stack Exchange}
}

@article{UniformApproximationCommon2024,
  title = {Uniform Approximation of Common Gaussian Process Kernels Using Equispaced Fourier Grids},
  date = {2024-07-01},
  journaltitle = {Applied and Computational Harmonic Analysis},
  volume = {71},
  pages = {101640},
  publisher = {Academic Press},
  issn = {1063-5203},
  doi = {10.1016/j.acha.2024.101640},
  url = {https://www.sciencedirect.com/science/article/abs/pii/S1063520324000174},
  urldate = {2024-10-28},
  langid = {american},
  file = {E:\Application\Organizer\Zotero\Data1\storage\QTPSGE5U\2024_-_uniform_approximation_of_common_gaussian_process_kernels_using_equispaced_fourier_grids_-_.pdf}
}

@article{vansprangAngularDependenceTransmission1992a,
  title = {The Angular Dependence of the Transmission of Nontwisted Liquid Crystal Displays},
  author = {family=Sprang, given=H. A., prefix=van, useprefix=true},
  date = {1992-05-15},
  journaltitle = {Journal of Applied Physics},
  shortjournal = {Journal of Applied Physics},
  volume = {71},
  number = {10},
  pages = {4826--4832},
  issn = {0021-8979},
  doi = {10.1063/1.350625},
  url = {https://doi.org/10.1063/1.350625},
  urldate = {2024-09-08}
}

@online{violaAnswerFourierTransform2017,
  title = {Answer to "Fourier Transform in Spherical Coordinates"},
  author = {Viola, Mark},
  date = {2017-03-05},
  url = {https://math.stackexchange.com/a/2173421},
  urldate = {2024-10-13},
  organization = {Mathematics Stack Exchange}
}

@online{WalshTransform,
  title = {Walsh {{Transform}}},
  url = {https://zh.wikipedia.org/wiki/%E6%B2%83%E7%88%BE%E4%BB%80%E8%BD%89%E6%8F%9B}
}

@article{wangAdaptiveFastGauss2018,
  title = {An Adaptive Fast Gauss Transform in Two Dimensions},
  author = {Wang, Jun and Greengard, Leslie},
  date = {2018-01},
  journaltitle = {SIAM Journal on Scientific Computing},
  shortjournal = {SIAM J. Sci. Comput.},
  volume = {40},
  number = {3},
  pages = {A1274-A1300},
  publisher = {{Society for Industrial and Applied Mathematics}},
  issn = {1064-8275},
  doi = {10.1137/17M1159865},
  url = {https://epubs.siam.org/doi/10.1137/17M1159865},
  urldate = {2024-11-15},
  file = {E:\Application\Organizer\Zotero\Data1\storage\W48W276I\2018_-_an_adaptive_fast_gauss_transform_in_two_dimensions_-_siam_j._sci._comput._-_Wang,_Greengard_et_al.pdf}
}

@article{wangComplexRayTracing2008,
  title = {Complex Ray Tracing in Biaxial Anisotropic Absorbing Media},
  author = {Wang, Yanyang and Shi, Peng and Xin, Hong and Wu, Lei},
  date = {2008-07-01},
  journaltitle = {Journal of Optics A: Pure and Applied Optics},
  shortjournal = {J. Opt. A: Pure Appl. Opt.},
  volume = {10},
  number = {7},
  pages = {075009},
  issn = {1464-4258, 1741-3567},
  doi = {10.1088/1464-4258/10/7/075009},
  url = {https://iopscience.iop.org/article/10.1088/1464-4258/10/7/075009},
  urldate = {2024-07-29},
  file = {E:\Application\Organizer\Zotero\Data1\storage\YJKPFA64\2008_-_complex_ray_tracing_in_biaxial_anisotropic_absorbing_media_-_j._opt._a_pure_appl._opt._-_Wang,_Shi,_Xin_et_al.pdf}
}

@article{wangFourierAnalysisPolar,
  title = {Fourier Analysis in Polar and Spherical Coordinates},
  author = {Wang, Qing and Ronneberger, Olaf and Burkhardt, Hans},
  langid = {english},
  file = {E:\Application\Organizer\Zotero\Data1\storage\82BUGN73\fourier_analysis_in_polar_and_spherical_coordinates_-_Wang,_Ronneberger,_Burkhardt_et_al.pdf}
}

@article{wanghengJieDianChangShuJinLingCaiLiaoZhongDeGuangYuWuZhiXiangHuZuoYongTeYao2022,
  title = {介电常数近零材料中的光与物质相互作用（特邀）},
  author = {Wang Heng, 王衡 and Li Guixin, 李贵新 and Mei Ting, 梅霆},
  date = {2022},
  journaltitle = {ACTA PHOTONICA SINICA},
  shortjournal = {光子学报},
  volume = {51},
  number = {5},
  pages = {0551308},
  issn = {1004-4213},
  doi = {10.3788/gzxb20225105.0551308},
  url = {http://www.opticsjournal.net/Articles/OJ9ec9af4767eac3a1/FullText},
  urldate = {2024-12-25},
  langid = {chinese},
  file = {E:\Application\Organizer\Zotero\Data1\storage\AFWYGHX3\2022_-_介电常数近零材料中的光与物质相互作用（特邀）_-_光子学报_-_Wang Heng,_Li Guixin,_Mei Ting_et_al.pdf}
}

@article{wangsi-congWavefrontManipulationTightly2016,
  title = {Wavefront manipulation of tightly focused cylindrical vector beams and its applications},
  author = {Wang Si-cong, 王思聪 and Li Xiang-ping, 李向平},
  date = {2016},
  journaltitle = {Chinese Optics},
  shortjournal = {中国光学},
  volume = {9},
  number = {2},
  pages = {185--202},
  issn = {2095-1531},
  doi = {10.3788/co.20160902.0185},
  url = {http://www.opticsjournal.net/Abstract.htm?id=OJ161019000153iOlRnU},
  urldate = {2024-10-24},
  langid = {chinese},
  file = {E:\Application\Organizer\Zotero\Data1\storage\VLE53HGR\2016_-_wavefront_manipulation_of_tightly_focused_cylindrical_vector_beams_and_its_applications_-_中国光学_-_Wang Si-cong,_Li Xiang-ping_et_al.pdf}
}

@article{wangSphericalHarmonicsExpansion2020,
  title = {Spherical Harmonics Expansion of the Evanescent Waves in Angular Spectrum Decomposition of Shaped Beams},
  author = {Wang, Chunwei and Shen, Jianqi and Ren, Kuan-Fang},
  date = {2020-08-01},
  journaltitle = {Journal of Quantitative Spectroscopy and Radiative Transfer},
  shortjournal = {Journal of Quantitative Spectroscopy and Radiative Transfer},
  volume = {251},
  pages = {107012},
  issn = {0022-4073},
  doi = {10.1016/j.jqsrt.2020.107012},
  url = {https://www.sciencedirect.com/science/article/pii/S0022407320301680},
  urldate = {2024-10-13},
  file = {E:\Application\Organizer\Zotero\Data1\storage\EQZ4NU3C\2020_-_spherical_harmonics_expansion_of_the_evanescent_waves_in_angular_spectrum_decomposition_of_shaped_be_-_journal_of_quantitative_spectroscopy_and_radiative_transfer_-_Wang,_Shen,_Ren_et_al.pdf}
}

@article{waseerNonuniformPlaneWaves2019,
  title = {Non-Uniform Plane Waves (Ghost Waves) in General Anisotropic Medium},
  author = {Waseer, Waleed Iqbal and Naqvi, Qaisar Abbas and Mughal, M. Juniad},
  date = {2019-12},
  journaltitle = {Optics Communications},
  shortjournal = {Optics Communications},
  volume = {453},
  pages = {124334},
  issn = {00304018},
  doi = {10.1016/j.optcom.2019.124334},
  url = {https://linkinghub.elsevier.com/retrieve/pii/S0030401819306790},
  urldate = {2024-07-29},
  langid = {english},
  file = {E:\Application\Organizer\Zotero\Data1\storage\T7M3H57B\2019_-_non-uniform_plane_waves_(ghost_waves)_in_general_anisotropic_medium_-_optics_communications_-_Waseer,_Naqvi,_Mughal_et_al.pdf}
}

@article{WaveStructureMonochromatic1987,
  title = {The Wave Structure of Monochromatic Electromagnetic Radiation},
  date = {1987-01-08},
  journaltitle = {Proceedings of the Royal Society of London. A. Mathematical and Physical Sciences},
  shortjournal = {Proc. R. Soc. Lond. A},
  volume = {409},
  number = {1836},
  pages = {21--36},
  issn = {0080-4630},
  doi = {10.1098/rspa.1987.0002},
  url = {https://royalsocietypublishing.org/doi/10.1098/rspa.1987.0002},
  urldate = {2024-07-28},
  langid = {english},
  file = {E:\Application\Organizer\Zotero\Data1\storage\SCT8YELM\1987_-_the_wave_structure_of_monochromatic_electromagnetic_radiation_-_proc._r._soc._lond._a_-_.pdf}
}

@article{weiModelingAxisDiffraction2023,
  title = {Modeling Off-Axis Diffraction with the Least-Sampling Angular Spectrum Method},
  author = {Wei, Haoyu and Liu, Xin and Hao, Xiang and Lam, Edmund Y. and Peng, Yifan},
  date = {2023-07-20},
  journaltitle = {Optica},
  shortjournal = {Optica},
  volume = {10},
  number = {7},
  pages = {959},
  issn = {2334-2536},
  doi = {10.1364/OPTICA.490223},
  url = {https://opg.optica.org/abstract.cfm?URI=optica-10-7-959},
  urldate = {2024-10-13},
  langid = {english},
  file = {E:\Application\Organizer\Zotero\Data1\storage\AJ3WSE32\2023_-_modeling_off-axis_diffraction_with_the_least-sampling_angular_spectrum_method_-_optica_-_Wei,_Liu,_Hao_et_al.pdf}
}

@article{wenBriefIntroductionFlux2021,
  title = {Brief introduction to flux pinning and vortex dynamics in high temperature superconductors},
  author = {Wen, Hai-Hu and {Physics Department, Nanjing University, Nanjing 210093, China}},
  date = {2021},
  journaltitle = {Acta Physica Sinica},
  shortjournal = {Acta Phys. Sin.},
  volume = {70},
  number = {1},
  pages = {017405},
  issn = {1000-3290, 1000-3290},
  doi = {10.7498/aps.70.20201881},
  url = {https://wulixb.iphy.ac.cn/article/doi/10.7498/aps.70.20201881},
  urldate = {2025-01-01},
  langid = {chinese},
  file = {E:\Application\Organizer\Zotero\Data1\storage\PS3XGGRK\2021_-_brief_introduction_to_flux_pinning_and_vortex_dynamics_in_high_temperature_superconductors_-_acta_phys._sin._-_Wen,_Physics Department, Nanjing University, Nanjing 210093, China_et_al.pdf}
}

@article{wuqiangShouJiShengZiJiHuaJiYuanYuTaiHeZiGuangWuLiTeYao2024,
  title = {受激声子极化激元与太赫兹光物理（特邀）},
  author = {Wu Qiang, 吴强 and Lu Yao, 卢瑶 and Ma Ruobin, 马若斌 and Xu Xitan, 徐西坦 and Huang Yibo, 黄意博 and Xu Jingjun, 许京军},
  date = {2024},
  journaltitle = {Laser \& Optoelectronics Progress},
  shortjournal = {Laser Optoelectron. Prog.},
  volume = {61},
  number = {1},
  pages = {0119001},
  issn = {1006-4125},
  doi = {10.3788/LOP232493},
  url = {http://www.opticsjournal.net/Articles/OJcb8dde31f637b3e2/FullText},
  urldate = {2024-12-26},
  langid = {chinese},
  file = {E:\Application\Organizer\Zotero\Data1\storage\CBEBNPFH\2024_-_受激声子极化激元与太赫兹光物理（特邀）_-_laser_optoelectron._prog._-_Wu Qiang,_Lu Yao,_Ma Ruobin_et_al.pdf}
}

@article{XiangGuangShuZaiZuoShouCaiLiaoZhongDeQiangDuHeXiangWeiXuanZhuanTeXing2010,
  title = {光束在左手材料中的强度和相位旋转特性},
  author = {向, 延英 and 罗, 海陆 and 文, 双春},
  date = {2010},
  journaltitle = {强激光与粒子束},
  volume = {22},
  number = {8},
  pages = {1834--1838},
  issn = {1001-4322},
  url = {https://kns.cnki.net/kcms2/article/abstract?v=pmRW_HGsdGwwR2xWjDTUTpMWUdUSEw97Gxiphkxz6VvBoAeG6QWDNrdHVTNkOvfUpcWtnQvo0FQUywrdj_kVmHDwxKszrgOiEqzTZwzE7FhLsftn2zdpcr9yV5yauMeze18xHPf6uMs=&uniplatform=NZKPT&language=CHS},
  urldate = {2024-08-18},
  langid = {chinese}
}

@thesis{XiangLaGaiErGaoSiGuangShuZaiFuZheSheLuJieZhiZhongDeChuanShuTeXingYanJiu2011,
  type = {硕士},
  title = {拉盖尔---高斯光束在负折射率介质中的传输特性研究},
  author = {向, 延英},
  date = {2011},
  institution = {湖南大学},
  url = {https://kns.cnki.net/kcms2/article/abstract?v=pmRW_HGsdGwJ4HYNLrcX5rnQTBatnCM7kaxE8Q3Zv_E-vTpSXUASugkP7MfblMc4q-t_FJPIr7KtXB74Fv_JnxdOoyYEP7lj9uQBrYsdVOYxBDUAq3atfJk8av5ADu0wYthkGd7L67rcfPoKHXd8SCkcy5b8vHUbNGbKAEnC52x1EiUuVCbiFY4TMYwm5zXqYcj9W1e_a3jtPzhPmj-niarmhYrXWMgl_CsLztjOR_4I_HVhKEj7QQ==&uniplatform=NZKPT&language=CHS},
  urldate = {2024-08-18},
  langid = {chinese}
}

@online{xieAnalytic3DVector2024,
  title = {Analytic {{3D}} Vector Non-Uniform Fourier Crystal Optics in Arbitrary \$\textbackslash bar\{\textbackslash bar\{\textbackslash varepsilon\}\}\$ Dielectric},
  author = {Xie, Chenzhu and Zhang, Yong},
  date = {2024-12-25},
  eprint = {2412.17224},
  eprinttype = {arXiv},
  eprintclass = {physics},
  doi = {10.48550/arXiv.2412.17224},
  url = {http://arxiv.org/abs/2412.17224},
  urldate = {2025-01-01},
  pubstate = {prepublished},
  file = {E:\Application\Organizer\Zotero\Data1\storage\3P7VHJ4C\2024_-_analytic_3d_vector_non-uniform_fourier_crystal_optics_in_arbitrary_$bar bar varepsilon $_dielect_-_Xie,_Zhang_et_al.pdf}
}

@online{xieAnswerDesignCommand2024,
  title = {Answer to ``design a \textbackslash command That Allows a Dual-Parameter \textbackslash command Passing Its Return into Another \textbackslash command as One (Which Might Be a Label) of Its Inputs''},
  author = {Xie, Chenzhu},
  date = {2024-07-06},
  url = {https://tex.stackexchange.com/a/722065/309711},
  urldate = {2024-12-13},
  organization = {TeX - LaTeX Stack Exchange}
}

@article{xueFullyForwardMode2024,
  title = {Fully Forward Mode Training for Optical Neural Networks},
  author = {Xue, Zhiwei and Zhou, Tiankuang and Xu, Zhihao and Yu, Shaoliang and Dai, Qionghai and Fang, Lu},
  date = {2024-08-08},
  journaltitle = {Nature},
  shortjournal = {Nature},
  volume = {632},
  number = {8024},
  pages = {280--286},
  issn = {0028-0836, 1476-4687},
  doi = {10.1038/s41586-024-07687-4},
  url = {https://www.nature.com/articles/s41586-024-07687-4},
  urldate = {2024-10-26},
  langid = {english},
  file = {E:\Application\Organizer\Zotero\Data1\storage\D8GRN69T\2024_-_fully_forward_mode_training_for_optical_neural_networks_-_nature_-_Xue,_Zhou,_Xu_et_al.pdf}
}

@article{yangNematicLCModes1998,
  title = {Nematic {{LC}} Modes and {{LC}} Phase Gratings for Reflective Spatial Light Modulators},
  author = {Yang, K. H. and Lu, M.},
  date = {1998-05},
  journaltitle = {IBM Journal of Research and Development},
  shortjournal = {IBM J. Res. \& Dev.},
  volume = {42},
  number = {3.4},
  pages = {401--410},
  issn = {0018-8646, 0018-8646},
  doi = {10.1147/rd.423.0401},
  url = {http://ieeexplore.ieee.org/document/5389286/},
  urldate = {2024-07-29},
  langid = {american},
  file = {E:\Application\Organizer\Zotero\Data1\storage\GX42ZTLM\1998_-_nematic_lc_modes_and_lc_phase_gratings_for_reflective_spatial_light_modulators_-_ibm_j._res._&_dev._-_Yang,_Lu_et_al.pdf}
}

@article{yangNewTheoreticalDerivation2018,
  title = {A New Theoretical Derivation of {{NFFT}} and Its Implementation on {{GPU}}},
  author = {Yang, Sheng-Chun and Qian, Hu-Jun and Lu, Zhong-Yuan},
  date = {2018-03},
  journaltitle = {Applied and Computational Harmonic Analysis},
  shortjournal = {Applied and Computational Harmonic Analysis},
  volume = {44},
  number = {2},
  pages = {273--293},
  issn = {10635203},
  doi = {10.1016/j.acha.2016.04.009},
  url = {https://linkinghub.elsevier.com/retrieve/pii/S1063520316300094},
  urldate = {2024-08-27},
  langid = {english},
  file = {E:\Application\Organizer\Zotero\Data1\storage\6HMRANCE\2018_-_a_new_theoretical_derivation_of_nfft_and_its_implementation_on_gpu_-_applied_and_computational_harmonic_analysis_-_Yang,_Qian,_Lu_et_al.pdf}
}

@article{yangNonabelianPhysicsLight2024,
  title = {Non-Abelian Physics in Light and Sound},
  author = {Yang, Yi and Yang, Biao and Ma, Guancong and Li, Jensen and Zhang, Shuang and Chan, C. T.},
  date = {2024-02-23},
  journaltitle = {Science},
  shortjournal = {Science},
  volume = {383},
  number = {6685},
  pages = {eadf9621},
  issn = {0036-8075, 1095-9203},
  doi = {10.1126/science.adf9621},
  url = {https://www.science.org/doi/10.1126/science.adf9621},
  urldate = {2024-07-30},
  langid = {english},
  file = {E:\Application\Organizer\Zotero\Data1\storage\HAW9F5J3\2024_-_non-abelian_physics_in_light_and_sound_-_science_-_Yang,_Yang,_Ma_et_al.pdf}
}

@article{yarivOpticalWavesCrystal1983,
  title = {Optical Waves in Crystal Propagation and Control of Laser Radiation},
  author = {Yariv, A. and Yeh, P.},
  date = {1983-01-01},
  publisher = {{John Wiley and Sons, Inc.,New York, NY}},
  url = {https://www.osti.gov/biblio/5951989},
  urldate = {2024-08-01},
  langid = {american},
  file = {E:\Application\Organizer\Zotero\Data1\storage\FBFC7MM2\1983_-_optical_waves_in_crystal_propagation_and_control_of_laser_radiation_-_Yariv,_Yeh_et_al.pdf}
}

@book{yarivOpticalWavesCrystals1984,
  title = {Optical Waves in Crystals: {{Propagation}} and Control of Laser Radiation},
  shorttitle = {Optical Waves in Crystals},
  author = {Yariv, Amnon and Yeh, Pochi},
  date = {1984},
  series = {Wiley Series in Pure and Applied Optics},
  publisher = {Wiley},
  location = {New York},
  isbn = {978-0-471-09142-4},
  langid = {american},
  pagetotal = {589},
  file = {E:\Application\Organizer\Zotero\Data1\storage\2Z4EZCWF\1983_-_optical_waves_in_crystal_propagation_and_control_of_laser_radiation_-_Yariv,_Yeh_et_al.pdf}
}

@misc{yongFeiXianXingGuangXueDiYiZhang,
  title = {非线性光学 第一章},
  author = {{yong}, zhang},
  file = {E:\Application\Organizer\Zotero\Data1\storage\74Z6XIAM\非线性光学_第一章_-_.pdf}
}

@article{yooJordanchevalleyDecomposition,
  title = {The Jordan-Chevalley Decomposition},
  author = {Yoo, Joo Heon},
  langid = {english},
  file = {E:\Application\Organizer\Zotero\Data1\storage\CZ3WSZD9\the_jordan-chevalley_decomposition_-_Yoo_et_al.pdf}
}

@article{yu-diSolutionNumericalCalculation,
  title = {Solution for Numerical Calculation of Ultra-High Speed Oscillation Bessel Integral in Wire-Less Electromagnetic Method( {{WEM}}) : {{Quadrature}} with Extrapolation},
  author = {family=Yu-di, given=SU, given-i=SU and family=Di-quan, given=LI, given-i=LI and family=Guang-yun, given=SUO, given-i=SUO},
  langid = {english},
  file = {E:\Application\Organizer\Zotero\Data1\storage\GV8BHZSB\solution_for_numerical_calculation_of_ultra-high_speed_oscillation_bessel_integral_in_wire-less_elec_-_Yu-di,_Di-quan,_Guang-yun_et_al.pdf}
}

@article{yuanDemonstrationWaveguidebasedLCD,
  title = {Demonstration of the Waveguide-based {{LCD}}},
  author = {Yuan, H. and Palffy-Muhoray, P.},
  doi = {10.1889/1.1985294},
  url = {https://sid.onlinelibrary.wiley.com/doi/10.1889/1.1985294},
  urldate = {2024-09-15},
  langid = {english}
}

@article{zarifiPlaneWaveReflection2014,
  title = {Plane Wave Reflection and Transmission from Uni- and Bi- Axial Chiral Slabs},
  author = {Zarifi, D and Soleimani, M and Abdolali, A},
  date = {2014},
  langid = {english},
  file = {E:\Application\Organizer\Zotero\Data1\storage\VY846A5K\2014_-_plane_wave_reflection_and_transmission_from_uni-_and_bi-_axial_chiral_slabs_-_Zarifi,_Soleimani,_Abdolali_et_al.pdf}
}

@inproceedings{zhangFullyVectorialSimulation2016,
  title = {Fully Vectorial Simulation of Light Propagation through Uniaxial and Biaxial Crystals},
  author = {Zhang, Site and Wyrowski, Frank},
  editor = {Wyrowski, Frank and Sheridan, John T. and Meuret, Youri},
  date = {2016-05-09},
  pages = {988909},
  location = {Brussels, Belgium},
  doi = {10.1117/12.2234310},
  url = {http://proceedings.spiedigitallibrary.org/proceeding.aspx?doi=10.1117/12.2234310},
  urldate = {2024-07-29},
  eventtitle = {{{SPIE Photonics Europe}}},
  langid = {english},
  file = {E:\Application\Organizer\Zotero\Data1\storage\FBLNP2YA\2016_-_fully_vectorial_simulation_of_light_propagation_through_uniaxial_and_biaxial_crystals_-_Zhang,_Wyrowski_et_al.pdf}
}

@article{zhangOptimalMapmakingSingularities2024,
  title = {Optimal Map-Making with Singularities},
  author = {Zhang, Zirui and Wu, Yiwen and Liu, Yang and Li, Siyu and Li, Hong and Liu, Hao},
  date = {2024-04},
  journaltitle = {Journal of Cosmology and Astroparticle Physics},
  shortjournal = {J. Cosmol. Astropart. Phys.},
  volume = {2024},
  number = {04},
  pages = {019},
  publisher = {IOP Publishing},
  issn = {1475-7516},
  doi = {10.1088/1475-7516/2024/04/019},
  url = {https://dx.doi.org/10.1088/1475-7516/2024/04/019},
  urldate = {2024-10-15},
  langid = {english},
  file = {E:\Application\Organizer\Zotero\Data1\storage\NAWP44SP\2024_-_optimal_map-making_with_singularities_-_j._cosmol._astropart._phys._-_Zhang,_Wu,_Liu_et_al.pdf}
}

@inproceedings{zhangRigorousModelingLaser2015,
  title = {Rigorous Modeling of Laser Light Propagation through Uniaxial and Biaxial Crystals},
  author = {Zhang, Site and Asoubar, Daniel and Wyrowski, Frank},
  editor = {Glebov, Alexei L. and Leisher, Paul O.},
  date = {2015-02-20},
  pages = {93460N},
  location = {San Francisco, California, United States},
  doi = {10.1117/12.2079534},
  url = {http://proceedings.spiedigitallibrary.org/proceeding.aspx?doi=10.1117/12.2079534},
  urldate = {2024-07-29},
  eventtitle = {{{SPIE LASE}}},
  langid = {english},
  file = {E:\Application\Organizer\Zotero\Data1\storage\YSASIJK2\2015_-_rigorous_modeling_of_laser_light_propagation_through_uniaxial_and_biaxial_crystals_-_Zhang,_Asoubar,_Wyrowski_et_al.pdf}
}

@article{ZhangRongYuJiYuChangTuoQiuMianBoHanShuQuJuanJiFangFaDeGaoDongTaiFanWeiTaiYangSheDianChengXiang2023,
  title = {基于长椭球面波函数去卷积方法的高动态范围太阳射电成像},
  author = {张荣玉 and 阎敬业 and 武林 and 吴季},
  date = {2023},
  journaltitle = {空间科学学报},
  shortjournal = {kjkxxb},
  volume = {43},
  number = {1},
  pages = {68--77},
  publisher = {空间科学学报},
  issn = {0254-6124},
  doi = {10.11728/cjss2023.01.211125126},
  url = {https://www.cjss.ac.cn/cn/article/doi/10.11728/cjss2023.01.211125126},
  urldate = {2024-12-17},
  langid = {chinese},
  file = {E:\Application\Organizer\Zotero\Data1\storage\HKQF7GQ4\2023_-_基于长椭球面波函数去卷积方法的高动态范围太阳射电成像_-_kjkxxb_-_张荣玉,_阎敬业,_武林_et_al.pdf}
}

@online{ZhouLeiKeTiZuJieShiYiBanGuangXueJieMianShangGuangZiZiXuanHuoErXiaoYingDeWuLiJiZhi,
  title = {周磊课题组揭示一般光学界面上光子自旋霍尔效应的物理机制},
  url = {https://nanofab.fudan.edu.cn/genee/post/38}
}

@online{ZoterocitationREADMEMd,
  title = {Zotero-Citation/{{README}}.Md},
  url = {https://github.com/MuiseDestiny/zotero-citation/blob/bootstrap/README.md},
  urldate = {2024-07-29},
  langid = {english},
  organization = {GitHub}
}

@article{zuAnalyticalNumericalModeling2022,
  title = {Analytical and Numerical Modeling of Optical Second Harmonic Generation in Anisotropic Crystals Using {$\sharp$}{{SHAARP}} Package},
  author = {Zu, Rui and Wang, Bo and He, Jingyang and Wang, Jian-Jun and Weber, Lincoln and Chen, Long-Qing and Gopalan, Venkatraman},
  date = {2022-11-29},
  journaltitle = {npj Computational Materials},
  shortjournal = {npj Comput Mater},
  volume = {8},
  number = {1},
  pages = {246},
  issn = {2057-3960},
  doi = {10.1038/s41524-022-00930-4},
  url = {https://www.nature.com/articles/s41524-022-00930-4},
  urldate = {2024-08-01},
  langid = {english},
  file = {E:\Application\Organizer\Zotero\Data1\storage\3ACPZEH2\2022_-_analytical_and_numerical_modeling_of_optical_second_harmonic_generation_in_anisotropic_crystals_usin_-_npj_comput_mater_-_Zu,_Wang,_He_et_al.pdf}
}

@article{zuOpticalSecondHarmonic2024,
  title = {Optical Second Harmonic Generation in Anisotropic Multilayers with Complete Multireflection of Linear and Nonlinear Waves Using {$\sharp$}{{SHAARP}}.Ml Package},
  author = {Zu, Rui and Wang, Bo and He, Jingyang and Weber, Lincoln and Saha, Akash and Chen, Long-Qing and Gopalan, Venkatraman},
  date = {2024-03-29},
  journaltitle = {npj Computational Materials},
  shortjournal = {npj Comput Mater},
  volume = {10},
  number = {1},
  pages = {64},
  issn = {2057-3960},
  doi = {10.1038/s41524-024-01229-2},
  url = {https://www.nature.com/articles/s41524-024-01229-2},
  urldate = {2024-08-01},
  langid = {english},
  file = {E:\Application\Organizer\Zotero\Data1\storage\V8JWZUBK\2024_-_optical_second_harmonic_generation_in_anisotropic_multilayers_with_complete_multireflection_of_linea_-_npj_comput_mater_-_Zu,_Wang,_He_et_al.pdf}
}
